,symbol,asof_datetime,DataSource,last_trade_price,current_nbbo_bid_price,current_nbbo_ask_price,current_nbbo_bid_size,current_nbbo_ask_size,last_trade_volume
0,00USD,2025-03-06 21:10:58.936888+00:00,FMP,0.0381,0.0381,0.0381,127.24,127.24,127.24
1,1INCHUSD,2025-03-06 21:10:58.936888+00:00,FMP,0.232,0.232,0.232,0.0,0.0,85.14
2,A,2025-03-06 21:10:58.936888+00:00,FMP,126.86,126.85,126.96,1.0,2.0,100.0
3,AA,2025-03-06 21:10:58.936888+00:00,FMP,32.95,32.9,32.95,1.0,3.0,100.0
4,AAA,2025-03-06 21:10:58.936888+00:00,FMP,25.11,25.11,25.13,10.0,3.0,200.0
5,AAAU,2025-03-06 21:10:58.936888+00:00,FMP,28.815,28.81,28.82,32.0,191.0,131.0
6,AABB,2025-03-06 21:10:58.936888+00:00,FMP,0.02,0.0,0.0,0.0,0.0,170.0
7,AABVF,2025-03-06 21:10:58.936888+00:00,FMP,0.0423,0.0,0.0,0.0,0.0,12700.0
8,AAC,2025-03-06 21:10:58.936888+00:00,FMP,0.0,0.0,0.0,0.0,0.0,0.0
9,AACAF,2025-03-06 21:10:58.936888+00:00,FMP,2.38,0.0,0.0,0.0,0.0,250.0
10,AACAY,2025-03-06 21:10:58.936888+00:00,FMP,2.05,0.0,0.0,0.0,0.0,897.0
11,AACBU,2025-03-06 21:10:58.936888+00:00,FMP,10.03,10.03,10.04,50.0,241.0,100.0
12,AACG,2025-03-06 21:10:58.936888+00:00,FMP,1.0,0.9899,1.01,3.0,72.0,300.0
13,AACI,2025-03-06 21:10:58.936888+00:00,FMP,0.0,0.0,0.0,0.0,0.0,0.0
14,AACIU,2025-03-06 21:10:58.936888+00:00,FMP,10.51,0.0,0.0,0.0,0.0,10.0
15,AACIW,2025-03-06 21:10:58.936888+00:00,FMP,0.14305,0.1111,0.175,30.0,1.0,0.0
16,AACT,2025-03-06 21:10:58.936888+00:00,FMP,11.095,11.09,11.1,52.0,1291.0,1000.0
17,AACT-UN,2025-03-06 21:10:58.936888+00:00,FMP,11.05,9.75,11.36,1.0,1.0,0.0
18,AACTF,2025-03-06 21:10:58.936888+00:00,FMP,0.0151,0.0,0.0,0.0,0.0,1851.0
19,AADI,2025-03-06 21:10:58.936888+00:00,FMP,2.09,2.06,2.12,6.0,6.0,100.0
20,AADR,2025-03-06 21:10:58.936888+00:00,FMP,76.05,75.7,76.05,1.0,1.0,181.0
21,AAFRF,2025-03-06 21:10:58.936888+00:00,FMP,1.427,0.0,0.0,0.0,0.0,5361.0
22,AAGC,2025-03-06 21:10:58.936888+00:00,FMP,0.0004,0.0,0.0,0.0,0.0,45000.0
23,AAGFF,2025-03-06 21:10:58.936888+00:00,FMP,0.295,0.0,0.0,0.0,0.0,255.0
24,AAGH,2025-03-06 21:10:58.936888+00:00,FMP,0.008,0.0,0.0,0.0,0.0,2100.0
25,AAGIY,2025-03-06 21:10:58.936888+00:00,FMP,27.32,0.0,0.0,0.0,0.0,657.0
26,AAGR,2025-03-06 21:10:58.936888+00:00,FMP,1e-06,0.0,0.0,0.0,0.0,140.0
27,AAGRW,2025-03-06 21:10:58.936888+00:00,FMP,0.0002,0.0065,0.0089,24.0,1.0,3.0
28,AAIC,2025-03-06 21:10:58.936888+00:00,FMP,0.0,0.0,0.0,0.0,0.0,0.0
29,AAIGF,2025-03-06 21:10:58.936888+00:00,FMP,9.765,0.0,0.0,0.0,0.0,927.0
30,AAIN,2025-03-06 21:10:58.936888+00:00,FMP,0.0,0.0,0.0,0.0,0.0,0.0
31,AAIRF,2025-03-06 21:10:58.936888+00:00,FMP,0.328,0.0,0.0,0.0,0.0,280.0
32,AAL,2025-03-06 21:10:58.936888+00:00,FMP,13.305,13.3,13.31,55.0,81.0,100.0
33,AAM,2025-03-06 21:10:58.936888+00:00,FMP,10.2245,10.21,10.24,500.0,1.0,195.0
34,AAMC,2025-03-06 21:10:58.936888+00:00,FMP,0.0,0.0,0.0,0.0,0.0,0.0
35,AAME,2025-03-06 21:10:58.936888+00:00,FMP,1.475,1.4,1.55,6.0,1.0,150.0
36,AAMI,2025-03-06 21:10:58.936888+00:00,FMP,24.05,24.04,24.06,1.0,2.0,100.0
37,AAMTF,2025-03-06 21:10:58.936888+00:00,FMP,0.2487,0.0,0.0,0.0,0.0,2499.0
38,AAN,2025-03-06 21:10:58.936888+00:00,FMP,0.0,0.0,0.0,0.0,0.0,0.0
39,AANNF,2025-03-06 21:10:58.936888+00:00,FMP,1.58,0.0,0.0,0.0,0.0,1898.0
40,AAOI,2025-03-06 21:10:58.936888+00:00,FMP,15.79,15.78,15.8,3.0,2.0,100.0
41,AAON,2025-03-06 21:10:58.936888+00:00,FMP,81.135,81.01,81.25,1.0,1.0,100.0
42,AAP,2025-03-06 21:10:58.936888+00:00,FMP,33.89,33.88,33.93,2.0,3.0,100.0
43,AAPB,2025-03-06 21:10:58.936888+00:00,FMP,29.045,29.04,29.06,8.0,5.0,100.0
44,AAPD,2025-03-06 21:10:58.936888+00:00,FMP,16.2399,16.2349,16.25,77.0,127.0,100.0
45,AAPG,2025-03-06 21:10:58.936888+00:00,FMP,19.03,18.88,19.18,10.0,2.0,2750.0
46,AAPJ,2025-03-06 21:10:58.936888+00:00,FMP,0.00115,0.0,0.0,0.0,0.0,862500.0
47,AAPL,2025-03-06 21:10:58.936888+00:00,FMP,235.25,235.23,235.26,1.0,1.0,100.0
48,AAPT,2025-03-06 21:10:58.936888+00:00,FMP,1e-06,0.0,0.0,0.0,0.0,100000.0
49,AAPU,2025-03-06 21:10:58.936888+00:00,FMP,32.27,32.26,32.28,21.0,3.0,100.0
50,AAPX,2025-03-06 21:10:58.936888+00:00,FMP,27.5601,27.55,27.58,2.0,2.0,100.0
51,AAPY,2025-03-06 21:10:58.936888+00:00,FMP,24.9993,24.84,25.0,10.0,11.0,240.0
52,AAQCW,2025-03-06 21:10:58.936888+00:00,FMP,0.0005,0.0,0.0,0.0,0.0,200000.0
53,AARD,2025-03-06 21:10:58.936888+00:00,FMP,10.12,10.06,10.36,1.0,1.0,100.0
54,AASP,2025-03-06 21:10:58.936888+00:00,FMP,0.35,0.0,0.0,0.0,0.0,900.0
55,AAT,2025-03-06 21:10:58.936888+00:00,FMP,21.41,21.39,21.42,2.0,6.0,300.0
56,AATGF,2025-03-06 21:10:58.936888+00:00,FMP,0.0073,0.0,0.0,0.0,0.0,20675.0
57,AATP,2025-03-06 21:10:58.936888+00:00,FMP,6.0,0.0,0.0,0.0,0.0,100.0
58,AATRL,2025-03-06 21:10:58.936888+00:00,FMP,54.5,0.0,0.0,0.0,0.0,400.0
59,AAU,2025-03-06 21:10:58.936888+00:00,FMP,0.0,0.0,0.0,0.0,0.0,0.0
60,AAUKF,2025-03-06 21:10:58.936888+00:00,FMP,43.91,0.0,0.0,0.0,0.0,363.0
61,AAVEUSD,2025-03-06 21:10:58.936888+00:00,FMP,213.57,213.57,213.57,0.0,0.0,0.124
62,AAVM,2025-03-06 21:10:58.936888+00:00,FMP,24.63,24.56,24.64,5.0,5.0,100.0
63,AAVMY,2025-03-06 21:10:58.936888+00:00,FMP,15.514,0.0,0.0,0.0,0.0,500.0
64,AAVVF,2025-03-06 21:10:58.936888+00:00,FMP,7.0355,0.0,0.0,0.0,0.0,200.0
65,AAVXF,2025-03-06 21:10:58.936888+00:00,FMP,7.12,0.0,0.0,0.0,0.0,1600.0
66,AAWH,2025-03-06 21:10:58.936888+00:00,FMP,0.3739,0.0,0.0,0.0,0.0,358.0
67,AAWW,2025-03-06 21:10:58.936888+00:00,FMP,0.0,0.0,0.0,0.0,0.0,0.0
68,AAXJ,2025-03-06 21:10:58.936888+00:00,FMP,75.71,75.71,75.72,9.0,1.0,100.0
69,AAXT,2025-03-06 21:10:58.936888+00:00,FMP,0.0001,0.0,0.0,0.0,0.0,100.0
70,AB,2025-03-06 21:10:58.936888+00:00,FMP,37.82,37.82,37.88,3.0,4.0,100.0
71,ABANF,2025-03-06 21:10:58.936888+00:00,FMP,4.82,0.0,0.0,0.0,0.0,330.0
72,ABAT,2025-03-06 21:10:58.936888+00:00,FMP,1.0,1.0,1.01,152.0,37.0,100.0
73,ABB,2025-03-06 21:10:58.936888+00:00,FMP,0.0,0.0,0.0,0.0,0.0,0.0
74,ABBB,2025-03-06 21:10:58.936888+00:00,FMP,12.49,0.0,0.0,0.0,0.0,100.0
75,ABBNY,2025-03-06 21:10:58.936888+00:00,FMP,38.2,0.0,0.0,0.0,0.0,467.0
76,ABBRF,2025-03-06 21:10:58.936888+00:00,FMP,1.72,0.0,0.0,0.0,0.0,5000.0
77,ABBV,2025-03-06 21:10:58.936888+00:00,FMP,209.925,209.87,209.98,2.0,1.0,100.0
78,ABC,2025-03-06 21:10:58.936888+00:00,FMP,0.0,0.0,0.0,0.0,0.0,0.0
79,ABCAF,2025-03-06 21:10:58.936888+00:00,FMP,0.1426,0.0,0.0,0.0,0.0,10000.0
80,ABCB,2025-03-06 21:10:58.936888+00:00,FMP,59.795,59.72,59.87,1.0,1.0,100.0
81,ABCE,2025-03-06 21:10:58.936888+00:00,FMP,0.0002,0.0,0.0,0.0,0.0,995008.0
82,ABCFF,2025-03-06 21:10:58.936888+00:00,FMP,0.0229,0.0,0.0,0.0,0.0,9170.0
83,ABCL,2025-03-06 21:10:58.936888+00:00,FMP,2.395,2.39,2.4,158.0,76.0,100.0
84,ABCM,2025-03-06 21:10:58.936888+00:00,FMP,0.0,0.0,0.0,0.0,0.0,0.0
85,ABCP,2025-03-06 21:10:58.936888+00:00,FMP,0.075,0.0,0.0,0.0,0.0,440.0
86,ABCS,2025-03-06 21:10:58.936888+00:00,FMP,28.01,27.96,28.01,17.0,17.0,100.0
87,ABEO,2025-03-06 21:10:58.936888+00:00,FMP,5.2,5.19,5.21,13.0,3.0,100.0
88,ABEPF,2025-03-06 21:10:58.936888+00:00,FMP,0.0124,0.0,0.0,0.0,0.0,1000.0
89,ABEQ,2025-03-06 21:10:58.936888+00:00,FMP,33.2344,33.09,33.38,1.0,19.0,271.0
90,ABEV,2025-03-06 21:10:58.936888+00:00,FMP,2.19,2.18,2.19,1245.0,867.0,1000.0
91,ABFL,2025-03-06 21:10:58.936888+00:00,FMP,65.5887,65.36,65.87,7.0,1.0,522.0
92,ABG,2025-03-06 21:10:58.936888+00:00,FMP,259.02,258.88,259.84,2.0,6.0,100.0
93,ABGI,2025-03-06 21:10:58.936888+00:00,FMP,0.0,0.0,0.0,0.0,0.0,0.0
94,ABGOF,2025-03-06 21:10:58.936888+00:00,FMP,1e-06,0.0,0.0,0.0,0.0,512.0
95,ABGSF,2025-03-06 21:10:58.936888+00:00,FMP,0.6036,0.0,0.0,0.0,0.0,400.0
96,ABHY,2025-03-06 21:10:58.936888+00:00,FMP,19.265,19.25,19.28,2500.0,100.0,0.0
97,ABIO,2025-03-06 21:10:58.936888+00:00,FMP,2.48,2.3,2.65,1.0,4.0,399.0
98,ABIT,2025-03-06 21:10:58.936888+00:00,FMP,0.1101,0.0,0.0,0.0,0.0,600.0
99,ABL,2025-03-06 21:10:58.936888+00:00,FMP,7.565,7.55,7.58,1.0,2.0,100.0
100,ABLD,2025-03-06 21:10:58.936888+00:00,FMP,28.4,28.3,28.5,17.0,17.0,100.0
101,ABLG,2025-03-06 21:10:58.936888+00:00,FMP,29.83,29.71,29.95,1.0,50.0,100.0
102,ABLLL,2025-03-06 21:10:58.936888+00:00,FMP,26.18,26.02,26.22,1.0,1.0,200.0
103,ABLLW,2025-03-06 21:10:58.936888+00:00,FMP,1.5,1.28,1.5,1.0,50.0,1315.0
104,ABLV,2025-03-06 21:10:58.936888+00:00,FMP,0.7025,0.7,0.76,20.0,13.0,131.0
105,ABLVW,2025-03-06 21:10:58.936888+00:00,FMP,0.0153,0.0152,0.0154,1.0,100.0,100.0
106,ABLZF,2025-03-06 21:10:58.936888+00:00,FMP,37.374,0.0,0.0,0.0,0.0,279.0
107,ABM,2025-03-06 21:10:58.936888+00:00,FMP,52.105,52.06,52.15,1.0,1.0,100.0
108,ABMBF,2025-03-06 21:10:58.936888+00:00,FMP,0.03416,0.0,0.0,0.0,0.0,500.0
109,ABMC,2025-03-06 21:10:58.936888+00:00,FMP,0.0034,0.0,0.0,0.0,0.0,100.0
110,ABMT,2025-03-06 21:10:58.936888+00:00,FMP,0.0569,0.0,0.0,0.0,0.0,1500.0
111,ABNAF,2025-03-06 21:10:58.936888+00:00,FMP,0.054,0.0,0.0,0.0,0.0,25000.0
112,ABNB,2025-03-06 21:10:58.936888+00:00,FMP,135.94,135.92,136.07,2.0,3.0,100.0
113,ABNY,2025-03-06 21:10:58.936888+00:00,FMP,13.7875,13.72,13.79,1.0,1.0,200.0
114,ABOS,2025-03-06 21:10:58.936888+00:00,FMP,1.24,1.24,1.25,13.0,8.0,100.0
115,ABOT,2025-03-06 21:10:58.936888+00:00,FMP,35.9396,35.9096,35.9496,1.0,1.0,141.0
116,ABP,2025-03-06 21:10:58.936888+00:00,FMP,0.56,0.499,0.56,1.0,26.0,100.0
117,ABPR,2025-03-06 21:10:58.936888+00:00,FMP,0.0005,0.0,0.0,0.0,0.0,370000.0
118,ABPWW,2025-03-06 21:10:58.936888+00:00,FMP,0.05,0.05,0.05,50.0,5.0,470.0
119,ABQQ,2025-03-06 21:10:58.936888+00:00,FMP,0.0007,0.0,0.0,0.0,0.0,3000.0
120,ABR,2025-03-06 21:10:58.936888+00:00,FMP,12.195,12.19,12.2,8.0,13.0,100.0
121,ABSI,2025-03-06 21:10:58.936888+00:00,FMP,3.12,3.12,3.13,4.0,18.0,200.0
122,ABSSF,2025-03-06 21:10:58.936888+00:00,FMP,3.92,0.0,0.0,0.0,0.0,500.0
123,ABST,2025-03-06 21:10:58.936888+00:00,FMP,0.0,0.0,0.0,0.0,0.0,0.0
124,ABT,2025-03-06 21:10:58.936888+00:00,FMP,134.46,134.44,134.48,3.0,2.0,100.0
125,ABTI,2025-03-06 21:10:58.936888+00:00,FMP,0.0199,0.0,0.0,0.0,0.0,400.0
126,ABTS,2025-03-06 21:10:58.936888+00:00,FMP,0.3201,0.32,0.3201,1.0,1.0,100.0
127,ABTUSD,2025-03-06 21:10:58.936888+00:00,FMP,1.1721,1.1721,1.1721,27.8,27.8,27.8
128,ABUS,2025-03-06 21:10:58.936888+00:00,FMP,3.44,3.43,3.44,10.0,3.0,100.0
129,ABVC,2025-03-06 21:10:58.936888+00:00,FMP,0.636,0.632,0.64,5.0,1.0,3400.0
130,ABVE,2025-03-06 21:10:58.936888+00:00,FMP,0.3488,0.3375,0.3502,35.0,14.0,1000.0
131,ABVEW,2025-03-06 21:10:58.936888+00:00,FMP,0.0307,0.0307,0.0371,1.0,4.0,400.0
132,ABVG,2025-03-06 21:10:58.936888+00:00,FMP,1e-06,0.0,0.0,0.0,0.0,300000.0
133,ABVN,2025-03-06 21:10:58.936888+00:00,FMP,0.0002,0.0,0.0,0.0,0.0,3487.0
134,ABVX,2025-03-06 21:10:58.936888+00:00,FMP,8.31,8.23,8.39,3.0,4.0,100.0
135,ABXXF,2025-03-06 21:10:58.936888+00:00,FMP,8.0,0.0,0.0,0.0,0.0,250.0
136,ABZT,2025-03-06 21:10:58.936888+00:00,FMP,0.0002,0.0,0.0,0.0,0.0,100.0
137,AC,2025-03-06 21:10:58.936888+00:00,FMP,36.43,36.06,37.0,9.0,2.0,201.0
138,ACA,2025-03-06 21:10:58.936888+00:00,FMP,81.86,81.76,81.96,1.0,2.0,200.0
139,ACAB,2025-03-06 21:10:58.936888+00:00,FMP,0.0,0.0,0.0,0.0,0.0,0.0
140,ACABU,2025-03-06 21:10:58.936888+00:00,FMP,8.05,2.01,8.0,1.0,1.0,101.0
141,ACABW,2025-03-06 21:10:58.936888+00:00,FMP,0.0,0.0,0.0,0.0,0.0,0.0
142,ACAC,2025-03-06 21:10:58.936888+00:00,FMP,11.3,11.0,12.4,1.0,1.0,100.0
143,ACACU,2025-03-06 21:10:58.936888+00:00,FMP,12.94,5.18,20.72,2.0,2.0,100.0
144,ACACW,2025-03-06 21:10:58.936888+00:00,FMP,0.328,0.162,2147.48,20.0,1.0,10.0
145,ACAD,2025-03-06 21:10:58.936888+00:00,FMP,17.77,17.76,17.79,2.0,3.0,100.0
146,ACAH,2025-03-06 21:10:58.936888+00:00,FMP,0.0,0.0,0.0,0.0,0.0,0.0
147,ACAHU,2025-03-06 21:10:58.936888+00:00,FMP,0.0,0.0,0.0,0.0,0.0,0.0
148,ACAHW,2025-03-06 21:10:58.936888+00:00,FMP,0.0225,0.015,0.03,6.0,5.0,0.0
149,ACAI,2025-03-06 21:10:58.936888+00:00,FMP,0.102,0.0,0.0,0.0,0.0,865.0
150,ACAN,2025-03-06 21:10:58.936888+00:00,FMP,0.028,0.0,0.0,0.0,0.0,725.0
151,ACAQ,2025-03-06 21:10:58.936888+00:00,FMP,0.0,0.0,0.0,0.0,0.0,0.0
152,ACAUSD,2025-03-06 21:10:58.936888+00:00,FMP,0.07486325,0.07486325,0.07486325,1570.5433,1570.5433,1570.5433
153,ACAX,2025-03-06 21:10:58.936888+00:00,FMP,0.0,0.0,0.0,0.0,0.0,0.0
154,ACAXR,2025-03-06 21:10:58.936888+00:00,FMP,0.0,0.0,0.0,0.0,0.0,0.0
155,ACAXU,2025-03-06 21:10:58.936888+00:00,FMP,0.0,0.0,0.0,0.0,0.0,0.0
156,ACAXW,2025-03-06 21:10:58.936888+00:00,FMP,0.0,0.0,0.0,0.0,0.0,0.0
157,ACB,2025-03-06 21:10:58.936888+00:00,FMP,4.92,4.92,4.93,2.0,28.0,100.0
158,ACBA,2025-03-06 21:10:58.936888+00:00,FMP,12.0,12.0,12.05,12.0,5.0,843.0
159,ACBAU,2025-03-06 21:10:58.936888+00:00,FMP,0.0,0.0,0.0,0.0,0.0,0.0
160,ACBAW,2025-03-06 21:10:58.936888+00:00,FMP,0.02,0.0212,0.04,98.0,16.0,24400.0
161,ACBCQ,2025-03-06 21:10:58.936888+00:00,FMP,0.0002,0.0,0.0,0.0,0.0,995.0
162,ACBM,2025-03-06 21:10:58.936888+00:00,FMP,2.52,0.0,0.0,0.0,0.0,100.0
163,ACCA,2025-03-06 21:10:58.936888+00:00,FMP,0.0001,0.0,0.0,0.0,0.0,25000.0
164,ACCD,2025-03-06 21:10:58.936888+00:00,FMP,6.975,6.97,6.98,646.0,2259.0,197.0
165,ACCMF,2025-03-06 21:10:58.936888+00:00,FMP,4.1,0.0,0.0,0.0,0.0,100.0
166,ACCO,2025-03-06 21:10:58.936888+00:00,FMP,4.56,4.56,4.57,10.0,9.0,100.0
167,ACCR,2025-03-06 21:10:58.936888+00:00,FMP,0.0016,0.0,0.0,0.0,0.0,1000.0
168,ACCS,2025-03-06 21:10:58.936888+00:00,FMP,9.25,9.14,9.5,1.0,2.0,100.0
169,ACDC,2025-03-06 21:10:58.936888+00:00,FMP,6.62,6.61,6.63,3.0,6.0,100.0
170,ACDCW,2025-03-06 21:10:58.936888+00:00,FMP,0.0,0.0,0.0,0.0,0.0,0.0
171,ACDVF,2025-03-06 21:10:58.936888+00:00,FMP,16.052,0.0,0.0,0.0,0.0,100.0
172,ACEHF,2025-03-06 21:10:58.936888+00:00,FMP,0.0291,0.0,0.0,0.0,0.0,1000.0
173,ACEL,2025-03-06 21:10:58.936888+00:00,FMP,10.21,10.2,10.22,9.0,6.0,100.0
174,ACER,2025-03-06 21:10:58.936888+00:00,FMP,0.0,0.0,0.0,0.0,0.0,0.0
175,ACES,2025-03-06 21:10:58.936888+00:00,FMP,23.0448,23.02,23.06,4.0,6.0,252.0
176,ACET,2025-03-06 21:10:58.936888+00:00,FMP,0.8374,0.8317,0.8375,6.0,2.0,300.0
177,ACEYY,2025-03-06 21:10:58.936888+00:00,FMP,3.98,0.0,0.0,0.0,0.0,250.0
178,ACFN,2025-03-06 21:10:58.936888+00:00,FMP,0.305,0.0,0.0,0.0,0.0,100.0
179,ACGBF,2025-03-06 21:10:58.936888+00:00,FMP,0.3662,0.0,0.0,0.0,0.0,100000.0
180,ACGBY,2025-03-06 21:10:58.936888+00:00,FMP,9.51,0.0,0.0,0.0,0.0,100.0
181,ACGI,2025-03-06 21:10:58.936888+00:00,FMP,1e-06,0.0,0.0,0.0,0.0,2000.0
182,ACGL,2025-03-06 21:10:58.936888+00:00,FMP,91.29,91.26,91.34,6.0,1.0,100.0
183,ACGLN,2025-03-06 21:10:58.936888+00:00,FMP,18.45,18.41,18.49,3.0,2.0,100.0
184,ACGLO,2025-03-06 21:10:58.936888+00:00,FMP,21.56,21.55,21.6,3.0,2.0,100.0
185,ACGR,2025-03-06 21:10:58.936888+00:00,FMP,53.37,53.35,53.52,2.0,2.0,200.0
186,ACGX,2025-03-06 21:10:58.936888+00:00,FMP,0.2,0.0,0.0,0.0,0.0,250.0
187,ACHC,2025-03-06 21:10:58.936888+00:00,FMP,29.66,29.63,29.69,3.0,3.0,100.0
188,ACHFF,2025-03-06 21:10:58.936888+00:00,FMP,1.45,0.0,0.0,0.0,0.0,1000.0
189,ACHKF,2025-03-06 21:10:58.936888+00:00,FMP,0.0051,0.0,0.0,0.0,0.0,100000.0
190,ACHL,2025-03-06 21:10:58.936888+00:00,FMP,1.385,1.38,1.39,952.0,1323.0,100.0
191,ACHN,2025-03-06 21:10:58.936888+00:00,FMP,0.8,0.0,0.0,0.0,0.0,510.0
192,ACHR,2025-03-06 21:10:58.936888+00:00,FMP,7.615,7.61,7.62,19.0,68.0,100.0
193,ACHR-WT,2025-03-06 21:10:58.936888+00:00,FMP,2.21,2.15,2.21,12.0,1.0,100.0
194,ACHUSD,2025-03-06 21:10:58.936888+00:00,FMP,0.024473,0.024473,0.024473,0.0,0.0,24274.5
195,ACHV,2025-03-06 21:10:58.936888+00:00,FMP,3.01,3.01,3.02,2.0,2.0,100.0
196,ACI,2025-03-06 21:10:58.936888+00:00,FMP,21.085,21.08,21.09,23.0,13.0,100.0
197,ACIC,2025-03-06 21:10:58.936888+00:00,FMP,12.16,12.14,12.18,1.0,2.0,200.0
198,ACII,2025-03-06 21:10:58.936888+00:00,FMP,0.0,0.0,0.0,0.0,0.0,0.0
199,ACIO,2025-03-06 21:10:58.936888+00:00,FMP,39.5335,39.53,39.57,6.0,6.0,104.0
200,ACITF,2025-03-06 21:10:58.936888+00:00,FMP,0.0038,0.0,0.0,0.0,0.0,5000.0
201,ACIU,2025-03-06 21:10:58.936888+00:00,FMP,2.5,2.48,2.52,7.0,6.0,300.0
202,ACIW,2025-03-06 21:10:58.936888+00:00,FMP,52.85,52.82,52.92,1.0,1.0,100.0
203,ACIXF,2025-03-06 21:10:58.936888+00:00,FMP,0.029,0.0,0.0,0.0,0.0,50000.0
204,ACKDF,2025-03-06 21:10:58.936888+00:00,FMP,5.185,0.0,0.0,0.0,0.0,125.0
205,ACLC,2025-03-06 21:10:58.936888+00:00,FMP,67.855,67.8,67.9,2.0,4.0,100.0
206,ACLHF,2025-03-06 21:10:58.936888+00:00,FMP,0.0201,0.0,0.0,0.0,0.0,10000.0
207,ACLLF,2025-03-06 21:10:58.936888+00:00,FMP,31.0095,0.0,0.0,0.0,0.0,200.0
208,ACLLY,2025-03-06 21:10:58.936888+00:00,FMP,32.74,0.0,0.0,0.0,0.0,100.0
209,ACLO,2025-03-06 21:10:58.936888+00:00,FMP,50.1654,43.59,57.23,1.0,1.0,0.0
210,ACLS,2025-03-06 21:10:58.936888+00:00,FMP,59.085,58.99,59.19,1.0,1.0,602.0
211,ACLX,2025-03-06 21:10:58.936888+00:00,FMP,68.55,68.41,68.6,1.0,3.0,100.0
212,ACM,2025-03-06 21:10:58.936888+00:00,FMP,96.6,96.5,96.7,2.0,2.0,100.0
213,ACMB,2025-03-06 21:10:58.936888+00:00,FMP,0.06,0.0,0.0,0.0,0.0,1000.0
214,ACMC,2025-03-06 21:10:58.936888+00:00,FMP,0.04,0.0,0.0,0.0,0.0,9999.0
215,ACMR,2025-03-06 21:10:58.936888+00:00,FMP,26.71,26.69,26.72,1.0,2.0,100.0
216,ACN,2025-03-06 21:10:58.936888+00:00,FMP,342.69,342.55,342.83,2.0,4.0,100.0
217,ACNB,2025-03-06 21:10:58.936888+00:00,FMP,41.01,40.94,41.35,2.0,1.0,200.0
218,ACNDF,2025-03-06 21:10:58.936888+00:00,FMP,0.8762,0.0,0.0,0.0,0.0,11669.0
219,ACNI,2025-03-06 21:10:58.936888+00:00,FMP,3.4e-05,0.0,0.0,0.0,0.0,300.0
220,ACNNF,2025-03-06 21:10:58.936888+00:00,FMP,0.0045,0.0,0.0,0.0,0.0,1000.0
221,ACNT,2025-03-06 21:10:58.936888+00:00,FMP,11.79,11.78,11.85,2.0,1.0,100.0
222,ACNV,2025-03-06 21:10:58.936888+00:00,FMP,0.0001,0.0,0.0,0.0,0.0,50000.0
223,ACOG,2025-03-06 21:10:58.936888+00:00,FMP,5.3,5.3,5.49,3.0,1.0,100.0
224,ACOGF,2025-03-06 21:10:58.936888+00:00,FMP,0.24,0.0,0.0,0.0,0.0,1000.0
225,ACON,2025-03-06 21:10:58.936888+00:00,FMP,1.615,1.61,1.62,20.0,13.0,170.0
226,ACONW,2025-03-06 21:10:58.936888+00:00,FMP,0.0797,0.0705,0.09247461,5.0,8.0,100.0
227,ACOPF,2025-03-06 21:10:58.936888+00:00,FMP,3.65,0.0,0.0,0.0,0.0,1000.0
228,ACOPY,2025-03-06 21:10:58.936888+00:00,FMP,3.43,0.0,0.0,0.0,0.0,1100.0
229,ACOR,2025-03-06 21:10:58.936888+00:00,FMP,0.0,0.0,0.0,0.0,0.0,0.0
230,ACP,2025-03-06 21:10:58.936888+00:00,FMP,6.035,6.03,6.04,80.0,46.0,600.0
231,ACPRF,2025-03-06 21:10:58.936888+00:00,FMP,0.1198,0.0,0.0,0.0,0.0,2000.0
232,ACQR,2025-03-06 21:10:58.936888+00:00,FMP,0.0,0.0,0.0,0.0,0.0,0.0
233,ACQRU,2025-03-06 21:10:58.936888+00:00,FMP,13.225,10.15,16.3,50.0,2.0,0.0
234,ACQRW,2025-03-06 21:10:58.936888+00:00,FMP,0.0,0.0,0.0,0.0,0.0,0.0
235,ACR,2025-03-06 21:10:58.936888+00:00,FMP,20.695,20.61,20.78,2.0,2.0,200.0
236,ACRDF,2025-03-06 21:10:58.936888+00:00,FMP,0.35,0.0,0.0,0.0,0.0,112.0
237,ACRE,2025-03-06 21:10:58.936888+00:00,FMP,4.785,4.78,4.79,13.0,31.0,100.0
238,ACRFF,2025-03-06 21:10:58.936888+00:00,FMP,30.53,0.0,0.0,0.0,0.0,630.0
239,ACRHF,2025-03-06 21:10:58.936888+00:00,FMP,0.243,0.0,0.0,0.0,0.0,416.0
240,ACRO,2025-03-06 21:10:58.936888+00:00,FMP,0.0,0.0,0.0,0.0,0.0,0.0
241,ACRS,2025-03-06 21:10:58.936888+00:00,FMP,1.77,1.77,1.78,8.0,26.0,464.0
242,ACRV,2025-03-06 21:10:58.936888+00:00,FMP,5.51,5.32,5.56,2.0,2.0,190.0
243,ACRX,2025-03-06 21:10:58.936888+00:00,FMP,0.0,0.0,0.0,0.0,0.0,0.0
244,ACSAF,2025-03-06 21:10:58.936888+00:00,FMP,34.825,0.0,0.0,0.0,0.0,1695.0
245,ACSAY,2025-03-06 21:10:58.936888+00:00,FMP,9.0,0.0,0.0,0.0,0.0,294.0
246,ACSI,2025-03-06 21:10:58.936888+00:00,FMP,61.01,60.23,61.78,29.0,1.0,100.0
247,ACST,2025-03-06 21:10:58.936888+00:00,FMP,0.0,0.0,0.0,0.0,0.0,0.0
248,ACSUSD,2025-03-06 21:10:58.936888+00:00,FMP,0.25227,0.25227,0.25227,0.0,0.0,0.0
249,ACT,2025-03-06 21:10:58.936888+00:00,FMP,33.7,33.68,33.72,5.0,3.0,100.0
250,ACTG,2025-03-06 21:10:58.936888+00:00,FMP,4.075,4.07,4.08,5.0,8.0,100.0
251,ACTHF,2025-03-06 21:10:58.936888+00:00,FMP,0.659,0.0,0.0,0.0,0.0,150.0
252,ACTU,2025-03-06 21:10:58.936888+00:00,FMP,6.85,6.55,7.15,1.0,2.0,1000.0
253,ACTUSD,2025-03-06 21:10:58.936888+00:00,FMP,0.00161749,0.00161749,0.00161749,0.0,0.0,0.0
254,ACTV,2025-03-06 21:10:58.936888+00:00,FMP,31.4087,31.39,31.44,30.0,1.0,327.0
255,ACTX,2025-03-06 21:10:58.936888+00:00,FMP,0.2568,0.0,0.0,0.0,0.0,200.0
256,ACU,2025-03-06 21:10:58.936888+00:00,FMP,37.2,37.0,37.4,1.0,1.0,100.0
257,ACUR,2025-03-06 21:10:58.936888+00:00,FMP,0.05,0.0,0.0,0.0,0.0,188.0
258,ACUS,2025-03-06 21:10:58.936888+00:00,FMP,1e-06,0.0,0.0,0.0,0.0,450.0
259,ACUT,2025-03-06 21:10:58.936888+00:00,FMP,0.286,0.0,0.0,0.0,0.0,200.0
260,ACV,2025-03-06 21:10:58.936888+00:00,FMP,20.8101,20.7,20.87,1.0,6.0,900.0
261,ACVA,2025-03-06 21:10:58.936888+00:00,FMP,14.2,14.2,14.21,2.0,4.0,192.0
262,ACVF,2025-03-06 21:10:58.936888+00:00,FMP,43.3499,43.31,43.38,20.0,20.0,115.0
263,ACWI,2025-03-06 21:10:58.936888+00:00,FMP,118.86,118.86,118.87,5.0,3.0,100.0
264,ACWV,2025-03-06 21:10:58.936888+00:00,FMP,114.96,114.93,114.98,1.0,5.0,100.0
265,ACWX,2025-03-06 21:10:58.936888+00:00,FMP,56.57,56.56,56.57,10.0,13.0,100.0
266,ACXIF,2025-03-06 21:10:58.936888+00:00,FMP,122.77,0.0,0.0,0.0,0.0,1.0
267,ACXP,2025-03-06 21:10:58.936888+00:00,FMP,0.6587,0.6547,0.6633,5.0,1.0,100.0
268,ADAG,2025-03-06 21:10:58.936888+00:00,FMP,2.1,2.02,2.17,1.0,3.0,100.0
269,ADAL,2025-03-06 21:10:58.936888+00:00,FMP,0.0,0.0,0.0,0.0,0.0,0.0
270,ADALU,2025-03-06 21:10:58.936888+00:00,FMP,10.485,10.47,10.5,55.0,41.0,0.0
271,ADALW,2025-03-06 21:10:58.936888+00:00,FMP,0.0,0.0,0.0,0.0,0.0,0.0
272,ADAP,2025-03-06 21:10:58.936888+00:00,FMP,0.4935,0.4851,0.4935,7.0,10.0,100.0
273,ADAUSD,2025-03-06 21:10:58.936888+00:00,FMP,0.90907,0.90907,0.90907,0.0,0.0,66.0675
274,ADBE,2025-03-06 21:10:58.936888+00:00,FMP,445.1,444.98,445.52,1.0,4.0,100.0
275,ADBGF,2025-03-06 21:10:58.936888+00:00,FMP,1.0,0.0,0.0,0.0,0.0,34052.0
276,ADBRF,2025-03-06 21:10:58.936888+00:00,FMP,0.6676,0.0,0.0,0.0,0.0,2000.0
277,ADC,2025-03-06 21:10:58.936888+00:00,FMP,74.89,74.87,74.93,1.0,4.0,104.0
278,ADCOF,2025-03-06 21:10:58.936888+00:00,FMP,0.1292,0.0,0.0,0.0,0.0,3000.0
279,ADCT,2025-03-06 21:10:58.936888+00:00,FMP,1.755,1.75,1.76,20.0,13.0,100.0
280,ADD,2025-03-06 21:10:58.936888+00:00,FMP,1.01,1.0,1.01,176.0,9.0,100.0
281,ADDC,2025-03-06 21:10:58.936888+00:00,FMP,19.0,0.0,0.0,0.0,0.0,100.0
282,ADDDF,2025-03-06 21:10:58.936888+00:00,FMP,238.4999,0.0,0.0,0.0,0.0,2.0
283,ADDYY,2025-03-06 21:10:58.936888+00:00,FMP,117.62,0.0,0.0,0.0,0.0,2.0
284,ADEA,2025-03-06 21:10:58.936888+00:00,FMP,14.99,14.98,15.01,2.0,6.0,100.0
285,ADER,2025-03-06 21:10:58.936888+00:00,FMP,0.0,0.0,0.0,0.0,0.0,0.0
286,ADERU,2025-03-06 21:10:58.936888+00:00,FMP,11.08,10.99,12.62,10.0,1.0,600.0
287,ADERW,2025-03-06 21:10:58.936888+00:00,FMP,0.0,0.0,0.0,0.0,0.0,0.0
288,ADES,2025-03-06 21:10:58.936888+00:00,FMP,0.0,0.0,0.0,0.0,0.0,0.0
289,ADEVF,2025-03-06 21:10:58.936888+00:00,FMP,7.3,0.0,0.0,0.0,0.0,137.0
290,ADEX,2025-03-06 21:10:58.936888+00:00,FMP,0.0,0.0,0.0,0.0,0.0,0.0
291,ADFI,2025-03-06 21:10:58.936888+00:00,FMP,8.54,8.49,8.54,9.0,2.0,200.0
292,ADFJF,2025-03-06 21:10:58.936888+00:00,FMP,1.21,0.0,0.0,0.0,0.0,5000.0
293,ADFS,2025-03-06 21:10:58.936888+00:00,FMP,0.0002,0.0,0.0,0.0,0.0,1900.0
294,ADGCF,2025-03-06 21:10:58.936888+00:00,FMP,0.0155,0.0,0.0,0.0,0.0,10000.0
295,ADGM,2025-03-06 21:10:58.936888+00:00,FMP,1.105,1.1,1.11,11.0,1.0,100.0
296,ADGO,2025-03-06 21:10:58.936888+00:00,FMP,1e-06,0.0,0.0,0.0,0.0,85000.0
297,ADHC,2025-03-06 21:10:58.936888+00:00,FMP,0.0012,0.0,0.0,0.0,0.0,58975.0
298,ADHI,2025-03-06 21:10:58.936888+00:00,FMP,0.144,0.0,0.0,0.0,0.0,2032.0
299,ADHLF,2025-03-06 21:10:58.936888+00:00,FMP,0.0129,0.0,0.0,0.0,0.0,1200.0
300,ADI,2025-03-06 21:10:58.936888+00:00,FMP,223.53,223.47,223.59,2.0,3.0,200.0
301,ADIA,2025-03-06 21:10:58.936888+00:00,FMP,0.1098,0.0,0.0,0.0,0.0,100.0
302,ADIL,2025-03-06 21:10:58.936888+00:00,FMP,0.7501,0.74,0.7602,2.0,29.0,100.0
303,ADILW,2025-03-06 21:10:58.936888+00:00,FMP,0.0,0.0,0.0,0.0,0.0,0.0
304,ADIV,2025-03-06 21:10:58.936888+00:00,FMP,15.865,15.81,15.92,4.0,2.0,235.0
305,ADLI,2025-03-06 21:10:58.936888+00:00,FMP,5e-05,0.0,0.0,0.0,0.0,400.0
306,ADM,2025-03-06 21:10:58.936888+00:00,FMP,47.94,47.93,47.95,3.0,1.0,100.0
307,ADMA,2025-03-06 21:10:58.936888+00:00,FMP,17.04,17.04,17.07,4.0,3.0,100.0
308,ADME,2025-03-06 21:10:58.936888+00:00,FMP,45.649,45.47,45.65,1.0,1.0,107.0
309,ADMG,2025-03-06 21:10:58.936888+00:00,FMP,0.071,0.0,0.0,0.0,0.0,1200.0
310,ADMLF,2025-03-06 21:10:58.936888+00:00,FMP,2.2925,0.0,0.0,0.0,0.0,1000.0
311,ADMT,2025-03-06 21:10:58.936888+00:00,FMP,0.1002,0.0,0.0,0.0,0.0,5000.0
312,ADN,2025-03-06 21:10:58.936888+00:00,FMP,4.205,4.14,4.52,1.0,1.0,100.0
313,ADNT,2025-03-06 21:10:58.936888+00:00,FMP,15.475,15.46,15.49,3.0,4.0,100.0
314,ADNWW,2025-03-06 21:10:58.936888+00:00,FMP,0.0133,0.0104,0.0133,5.0,27.0,295.0
315,ADOC,2025-03-06 21:10:58.936888+00:00,FMP,0.0,0.0,0.0,0.0,0.0,0.0
316,ADOCR,2025-03-06 21:10:58.936888+00:00,FMP,0.0,0.0,0.0,0.0,0.0,0.0
317,ADOCW,2025-03-06 21:10:58.936888+00:00,FMP,0.0,0.0,0.0,0.0,0.0,0.0
318,ADOOY,2025-03-06 21:10:58.936888+00:00,FMP,8.7,0.0,0.0,0.0,0.0,500.0
319,ADP,2025-03-06 21:10:58.936888+00:00,FMP,301.945,301.86,302.03,1.0,2.0,300.0
320,ADPT,2025-03-06 21:10:58.936888+00:00,FMP,7.66,7.66,7.68,1.0,8.0,100.0
321,ADPV,2025-03-06 21:10:58.936888+00:00,FMP,34.97,34.92,35.0,14.0,8.0,700.0
322,ADRA,2025-03-06 21:10:58.936888+00:00,FMP,5.77,0.0,0.0,0.0,0.0,100.0
323,ADRE,2025-03-06 21:10:58.936888+00:00,FMP,0.0,0.0,0.0,0.0,0.0,0.0
324,ADRT,2025-03-06 21:10:58.936888+00:00,FMP,11.4,11.12,13.08,20.0,1.0,0.0
325,ADRZF,2025-03-06 21:10:58.936888+00:00,FMP,54.15,0.0,0.0,0.0,0.0,100.0
326,ADRZY,2025-03-06 21:10:58.936888+00:00,FMP,12.51,0.0,0.0,0.0,0.0,100.0
327,ADSE,2025-03-06 21:10:58.936888+00:00,FMP,14.185,14.08,14.33,2.0,2.0,100.0
328,ADSEW,2025-03-06 21:10:58.936888+00:00,FMP,2.72,2.69,3.12,1.0,2.0,170.0
329,ADSGF,2025-03-06 21:10:58.936888+00:00,FMP,129.51,0.0,0.0,0.0,0.0,100.0
330,ADSK,2025-03-06 21:10:58.936888+00:00,FMP,260.62,260.56,261.05,1.0,2.0,100.0
331,ADSV,2025-03-06 21:10:58.936888+00:00,FMP,0.0001,0.0,0.0,0.0,0.0,2000.0
332,ADT,2025-03-06 21:10:58.936888+00:00,FMP,7.705,7.7,7.71,302.0,99.0,500.0
333,ADTH,2025-03-06 21:10:58.936888+00:00,FMP,3.2,0.0,0.0,0.0,0.0,4000.0
334,ADTHW,2025-03-06 21:10:58.936888+00:00,FMP,0.4692,0.0,0.0,0.0,0.0,100.0
335,ADTLF,2025-03-06 21:10:58.936888+00:00,FMP,2.36,0.0,0.0,0.0,0.0,888.0
336,ADTN,2025-03-06 21:10:58.936888+00:00,FMP,9.57,9.56,9.58,3.0,5.0,100.0
337,ADTTF,2025-03-06 21:10:58.936888+00:00,FMP,124.0,0.0,0.0,0.0,0.0,100.0
338,ADTX,2025-03-06 21:10:58.936888+00:00,FMP,0.05139,0.051,0.0514,39.0,250.0,185.0
339,ADUR,2025-03-06 21:10:58.936888+00:00,FMP,5.272,5.12,5.3,15.0,1.0,100.0
340,ADUS,2025-03-06 21:10:58.936888+00:00,FMP,95.82,95.27,95.99,2.0,2.0,100.0
341,ADV,2025-03-06 21:10:58.936888+00:00,FMP,2.375,2.37,2.38,10.0,11.0,300.0
342,ADVE,2025-03-06 21:10:58.936888+00:00,FMP,32.81,32.7,32.82951,10.0,10.0,100.0
343,ADVM,2025-03-06 21:10:58.936888+00:00,FMP,4.61,4.6,4.62,1.0,5.0,100.0
344,ADVOF,2025-03-06 21:10:58.936888+00:00,FMP,23.0701,0.0,0.0,0.0,0.0,1699.0
345,ADVWW,2025-03-06 21:10:58.936888+00:00,FMP,0.0195,0.0195,0.0195,30.0,20.0,269.0
346,ADX,2025-03-06 21:10:58.936888+00:00,FMP,19.31,19.3,19.32,6.0,1.0,100.0
347,ADXDF,2025-03-06 21:10:58.936888+00:00,FMP,0.007,0.0,0.0,0.0,0.0,10000.0
348,ADXN,2025-03-06 21:10:58.936888+00:00,FMP,8.0,7.7,8.8,1.0,2.0,746.0
349,ADXRF,2025-03-06 21:10:58.936888+00:00,FMP,0.07,0.0,0.0,0.0,0.0,40000.0
350,ADXUSD,2025-03-06 21:10:58.936888+00:00,FMP,0.17162,0.17162,0.17162,61.09781,61.09781,61.09781
351,ADYEY,2025-03-06 21:10:58.936888+00:00,FMP,15.05,0.0,0.0,0.0,0.0,329.0
352,AE,2025-03-06 21:10:58.936888+00:00,FMP,0.0,0.0,0.0,0.0,0.0,0.0
353,AEAC,2025-03-06 21:10:58.936888+00:00,FMP,0.0,0.0,0.0,0.0,0.0,0.0
354,AEAE,2025-03-06 21:10:58.936888+00:00,FMP,10.92,0.0,0.0,0.0,0.0,101.0
355,AEAEU,2025-03-06 21:10:58.936888+00:00,FMP,0.0,0.0,0.0,0.0,0.0,0.0
356,AEAEW,2025-03-06 21:10:58.936888+00:00,FMP,0.02,0.02,0.04,2.0,1.0,100.0
357,AEBZY,2025-03-06 21:10:58.936888+00:00,FMP,0.6885,0.0,0.0,0.0,0.0,20000.0
358,AEDAUD,2025-03-06 21:10:58.936888+00:00,FMP,0.42873,0.42873,0.42973,0.0,0.0,0.0
359,AEDBHD,2025-03-06 21:10:58.936888+00:00,FMP,0.10265,0.10257,0.1027,0.0,0.0,1.0
360,AEDC,2025-03-06 21:10:58.936888+00:00,FMP,1e-06,0.0,0.0,0.0,0.0,200.0
361,AEDCAD,2025-03-06 21:10:58.936888+00:00,FMP,0.39032,0.39032,0.39032,0.0,0.0,0.0
362,AEDCHF,2025-03-06 21:10:58.936888+00:00,FMP,0.23988,0.23988,0.24088,0.0,0.0,0.0
363,AEDDKK,2025-03-06 21:10:58.936888+00:00,FMP,1.8818,1.88117,1.88355,0.0,0.0,1.0
364,AEDEUR,2025-03-06 21:10:58.936888+00:00,FMP,0.25228,0.25219,0.25251,0.0,0.0,1.0
365,AEDGBP,2025-03-06 21:10:58.936888+00:00,FMP,0.21084,0.21084,0.21184,0.0,0.0,0.0
366,AEDINR,2025-03-06 21:10:58.936888+00:00,FMP,23.643,23.643,23.743,0.0,0.0,0.0
367,AEDJPY,2025-03-06 21:10:58.936888+00:00,FMP,40.25,40.25,40.3,0.0,0.0,0.0
368,AEDNOK,2025-03-06 21:10:58.936888+00:00,FMP,2.96182,2.96065,2.96439,0.0,0.0,1.0
369,AEDNZD,2025-03-06 21:10:58.936888+00:00,FMP,0.47346,0.47346,0.47446,0.0,0.0,0.0
370,AEDPKR,2025-03-06 21:10:58.936888+00:00,FMP,76.133,76.133,76.183,0.0,0.0,0.0
371,AEDSAR,2025-03-06 21:10:58.936888+00:00,FMP,1.02112,1.02083,1.02212,0.0,0.0,1.0
372,AEDSEK,2025-03-06 21:10:58.936888+00:00,FMP,2.76963,2.76753,2.77102,0.0,0.0,1.0
373,AEDUSD,2025-03-06 21:10:58.936888+00:00,FMP,0.27231,0.27231,0.27231,0.0,0.0,0.0
374,AEDZAR,2025-03-06 21:10:58.936888+00:00,FMP,4.94101,4.93939,4.94369,0.0,0.0,167.0
375,AEE,2025-03-06 21:10:58.936888+00:00,FMP,97.31,97.3,97.37,3.0,1.0,100.0
376,AEF,2025-03-06 21:10:58.936888+00:00,FMP,5.135,5.13,5.14,12.0,14.0,200.0
377,AEFC,2025-03-06 21:10:58.936888+00:00,FMP,20.46,20.41,20.51,3.0,3.0,515.0
378,AEG,2025-03-06 21:10:58.936888+00:00,FMP,6.315,6.31,6.32,72.0,57.0,200.0
379,AEGOF,2025-03-06 21:10:58.936888+00:00,FMP,5.3,0.0,0.0,0.0,0.0,1400.0
380,AEHA,2025-03-06 21:10:58.936888+00:00,FMP,0.0,0.0,0.0,0.0,0.0,0.0
381,AEHAW,2025-03-06 21:10:58.936888+00:00,FMP,0.0,0.0,0.0,0.0,0.0,0.0
382,AEHL,2025-03-06 21:10:58.936888+00:00,FMP,0.1099,0.109,0.1108,27.0,12.0,500.0
383,AEHR,2025-03-06 21:10:58.936888+00:00,FMP,8.98,8.96,8.99,7.0,4.0,100.0
384,AEI,2025-03-06 21:10:58.936888+00:00,FMP,0.8737,0.862,0.885,10.0,5.0,100.0
385,AEIS,2025-03-06 21:10:58.936888+00:00,FMP,106.9,106.88,107.45,1.0,2.0,100.0
386,AEL,2025-03-06 21:10:58.936888+00:00,FMP,0.0,0.0,0.0,0.0,0.0,0.0
387,AEM,2025-03-06 21:10:58.936888+00:00,FMP,97.725,97.69,97.76,4.0,2.0,100.0
388,AEMB,2025-03-06 21:10:58.936888+00:00,FMP,39.1815,32.53,46.64,1.0,1.0,0.0
389,AEMD,2025-03-06 21:10:58.936888+00:00,FMP,0.468,0.4653,0.4718,6.0,5.0,100.0
390,AENT,2025-03-06 21:10:58.936888+00:00,FMP,4.1612,4.0,4.29,34.0,1.0,200.0
391,AENTW,2025-03-06 21:10:58.936888+00:00,FMP,0.26,0.24,0.26,300.0,515.0,100.0
392,AENZ,2025-03-06 21:10:58.936888+00:00,FMP,0.0,0.0,0.0,0.0,0.0,0.0
393,AEO,2025-03-06 21:10:58.936888+00:00,FMP,12.2,12.19,12.2,8.0,5.0,100.0
394,AEON,2025-03-06 21:10:58.936888+00:00,FMP,0.6869,0.68,0.6917,20.0,1.0,200.0
395,AEOXF,2025-03-06 21:10:58.936888+00:00,FMP,137.375,0.0,0.0,0.0,0.0,335.0
396,AEP,2025-03-06 21:10:58.936888+00:00,FMP,102.75,102.72,102.75,4.0,2.0,100.0
397,AEPPZ,2025-03-06 21:10:58.936888+00:00,FMP,0.0,0.0,0.0,0.0,0.0,0.0
398,AER,2025-03-06 21:10:58.936888+00:00,FMP,101.44,101.4,101.48,1.0,2.0,100.0
399,AERG,2025-03-06 21:10:58.936888+00:00,FMP,1.78,0.0,0.0,0.0,0.0,776.0
400,AERGOUSD,2025-03-06 21:10:58.936888+00:00,FMP,0.10817,0.10817,0.10817,71.6,71.6,71.6
401,AERI,2025-03-06 21:10:58.936888+00:00,FMP,0.0,0.0,0.0,0.0,0.0,0.0
402,AERN,2025-03-06 21:10:58.936888+00:00,FMP,1e-06,0.0,0.0,0.0,0.0,20000.0
403,AEROUSD,2025-03-06 21:10:58.936888+00:00,FMP,0.0001964697,0.0001964697,0.0001964697,0.0,0.0,0.0
404,AERS,2025-03-06 21:10:58.936888+00:00,FMP,0.0064,0.0,0.0,0.0,0.0,26315.0
405,AERT,2025-03-06 21:10:58.936888+00:00,FMP,0.6218,0.5918,0.64,2.0,50.0,160.0
406,AERTW,2025-03-06 21:10:58.936888+00:00,FMP,0.0219,0.017,0.0268,1.0,20.0,100.0
407,AES,2025-03-06 21:10:58.936888+00:00,FMP,10.81,10.81,10.82,16.0,32.0,100.0
408,AESC,2025-03-06 21:10:58.936888+00:00,FMP,0.0,0.0,0.0,0.0,0.0,0.0
409,AESI,2025-03-06 21:10:58.936888+00:00,FMP,17.28,17.28,17.3,2.0,6.0,200.0
410,AESR,2025-03-06 21:10:58.936888+00:00,FMP,16.97,16.9,17.04,14.0,1.0,385.0
411,AETH,2025-03-06 21:10:58.936888+00:00,FMP,31.31,31.26,31.34,3.0,4.0,325.0
412,AETUF,2025-03-06 21:10:58.936888+00:00,FMP,12.42,0.0,0.0,0.0,0.0,205.0
413,AEVA,2025-03-06 21:10:58.936888+00:00,FMP,3.13,3.12,3.14,7.0,14.0,100.0
414,AEVAW,2025-03-06 21:10:58.936888+00:00,FMP,0.058,0.0525,0.075,70.0,7.0,311.0
415,AEVOUSD,2025-03-06 21:10:58.936888+00:00,FMP,0.26068,0.26068,0.26068,0.0,0.0,0.0
416,AEXAF,2025-03-06 21:10:58.936888+00:00,FMP,0.00215,0.0,0.0,0.0,0.0,20000.0
417,AEXAY,2025-03-06 21:10:58.936888+00:00,FMP,0.008,0.0,0.0,0.0,0.0,2000.0
418,AEXFF,2025-03-06 21:10:58.936888+00:00,FMP,0.01,0.0,0.0,0.0,0.0,5000.0
419,AEY,2025-03-06 21:10:58.936888+00:00,FMP,0.258,0.258,0.3169,9.0,2.0,852.0
420,AEYE,2025-03-06 21:10:58.936888+00:00,FMP,11.96,11.84,11.97,2.0,3.0,100.0
421,AEZS,2025-03-06 21:10:58.936888+00:00,FMP,0.0,0.0,0.0,0.0,0.0,0.0
422,AFACU,2025-03-06 21:10:58.936888+00:00,FMP,10.41,4.17,16.65,2.0,2.0,0.0
423,AFAQ,2025-03-06 21:10:58.936888+00:00,FMP,0.0,0.0,0.0,0.0,0.0,0.0
424,AFAR,2025-03-06 21:10:58.936888+00:00,FMP,11.68,0.0,0.0,0.0,0.0,250.0
425,AFARU,2025-03-06 21:10:58.936888+00:00,FMP,12.737,0.0,0.0,0.0,0.0,100.0
426,AFARW,2025-03-06 21:10:58.936888+00:00,FMP,0.0288,0.0,0.0,0.0,0.0,100.0
427,AFB,2025-03-06 21:10:58.936888+00:00,FMP,11.11,11.1,11.12,10.0,2.0,100.0
428,AFBG,2025-03-06 21:10:58.936888+00:00,FMP,0.0012,0.0,0.0,0.0,0.0,4694.0
429,AFBI,2025-03-06 21:10:58.936888+00:00,FMP,19.95,19.88,20.0,1.0,2.0,100.0
430,AFCG,2025-03-06 21:10:58.936888+00:00,FMP,8.42,8.41,8.42,4.0,1.0,100.0
431,AFDG,2025-03-06 21:10:58.936888+00:00,FMP,0.035,0.0,0.0,0.0,0.0,100.0
432,AFFCF,2025-03-06 21:10:58.936888+00:00,FMP,0.291,0.0,0.0,0.0,0.0,500.0
433,AFFL,2025-03-06 21:10:58.936888+00:00,FMP,0.0003,0.0,0.0,0.0,0.0,2500.0
434,AFFS,2025-03-06 21:10:58.936888+00:00,FMP,15.75,0.0,0.0,0.0,0.0,328.0
435,AFFT,2025-03-06 21:10:58.936888+00:00,FMP,17.35,0.0,0.0,0.0,0.0,300.0
436,AFFU,2025-03-06 21:10:58.936888+00:00,FMP,0.0012,0.0,0.0,0.0,0.0,1000.0
437,AFFY,2025-03-06 21:10:58.936888+00:00,FMP,0.01,0.0,0.0,0.0,0.0,4608.0
438,AFG,2025-03-06 21:10:58.936888+00:00,FMP,127.955,127.83,128.08,3.0,1.0,100.0
439,AFGB,2025-03-06 21:10:58.936888+00:00,FMP,22.39,22.39,22.58,1.0,2.0,100.0
440,AFGC,2025-03-06 21:10:58.936888+00:00,FMP,20.1301,20.13,20.41,1.0,3.0,250.0
441,AFGD,2025-03-06 21:10:58.936888+00:00,FMP,21.4,21.4,21.5,1.0,1.0,100.0
442,AFGE,2025-03-06 21:10:58.936888+00:00,FMP,17.4583,17.26,17.65,1.0,2.0,177.0
443,AFGYF,2025-03-06 21:10:58.936888+00:00,FMP,0.18,0.0,0.0,0.0,0.0,14090.0
444,AFIB,2025-03-06 21:10:58.936888+00:00,FMP,0.048,0.0,0.0,0.0,0.0,526.0
445,AFIF,2025-03-06 21:10:58.936888+00:00,FMP,9.24,9.24,9.26,3.0,5.0,100.0
446,AFJK,2025-03-06 21:10:58.936888+00:00,FMP,10.96,10.95,10.97,3.0,13.0,500.0
447,AFJKR,2025-03-06 21:10:58.936888+00:00,FMP,0.26516,0.22,0.2869,5.0,8.0,500.0
448,AFJKU,2025-03-06 21:10:58.936888+00:00,FMP,11.3,4.38,17.37,2.0,1.0,100.0
449,AFK,2025-03-06 21:10:58.936888+00:00,FMP,16.665,16.57,16.76,2.0,1.0,100.0
450,AFL,2025-03-06 21:10:58.936888+00:00,FMP,107.72,107.7,107.74,3.0,1.0,100.0
451,AFLG,2025-03-06 21:10:58.936888+00:00,FMP,34.0699,34.03,34.08,8.0,8.0,212.0
452,AFLYY,2025-03-06 21:10:58.936888+00:00,FMP,0.85,0.0,0.0,0.0,0.0,1000.0
453,AFMC,2025-03-06 21:10:58.936888+00:00,FMP,30.6601,30.43,30.75,2.0,5.0,200.0
454,AFMD,2025-03-06 21:10:58.936888+00:00,FMP,0.99,0.963,0.99,30.0,350.0,100.0
455,AFMJF,2025-03-06 21:10:58.936888+00:00,FMP,0.646515,0.0,0.0,0.0,0.0,4000.0
456,AFNGBP,2025-03-06 21:10:58.936888+00:00,FMP,0.01073295,0.01073295,0.01073295,0.0,0.0,0.0
457,AFOVF,2025-03-06 21:10:58.936888+00:00,FMP,4.9,0.0,0.0,0.0,0.0,7083.0
458,AFRAF,2025-03-06 21:10:58.936888+00:00,FMP,1.9,0.0,0.0,0.0,0.0,900.0
459,AFRI,2025-03-06 21:10:58.936888+00:00,FMP,8.74,8.6,8.81,10.0,1.0,100.0
460,AFRIW,2025-03-06 21:10:58.936888+00:00,FMP,0.6701,0.5702,0.77,1.0,1.0,100.0
461,AFRM,2025-03-06 21:10:58.936888+00:00,FMP,53.87,53.85,53.92,5.0,3.0,290.0
462,AFRMF,2025-03-06 21:10:58.936888+00:00,FMP,0.0001,0.0,0.0,0.0,0.0,300.0
463,AFSC,2025-03-06 21:10:58.936888+00:00,FMP,26.61,26.61,26.68,900.0,900.0,100.0
464,AFSIB,2025-03-06 21:10:58.936888+00:00,FMP,14.0,0.0,0.0,0.0,0.0,370.0
465,AFSIN,2025-03-06 21:10:58.936888+00:00,FMP,14.45,0.0,0.0,0.0,0.0,215.0
466,AFSIP,2025-03-06 21:10:58.936888+00:00,FMP,13.34,0.0,0.0,0.0,0.0,700.0
467,AFSM,2025-03-06 21:10:58.936888+00:00,FMP,27.77,27.76,27.87,5.0,54.0,159.0
468,AFT,2025-03-06 21:10:58.936888+00:00,FMP,14.86,0.0,0.0,0.0,0.0,0.0
469,AFTM,2025-03-06 21:10:58.936888+00:00,FMP,1e-06,0.0,0.0,0.0,0.0,40000.0
470,AFTR,2025-03-06 21:10:58.936888+00:00,FMP,0.0,0.0,0.0,0.0,0.0,0.0
471,AFTY,2025-03-06 21:10:58.936888+00:00,FMP,16.2826,12.22,16.4,1.0,10.0,0.0
472,AFXXF,2025-03-06 21:10:58.936888+00:00,FMP,18.9,0.0,0.0,0.0,0.0,100.0
473,AFYA,2025-03-06 21:10:58.936888+00:00,FMP,16.66,16.65,16.67,1.0,1.0,131.0
474,AG,2025-03-06 21:10:58.936888+00:00,FMP,5.8108,5.81,5.82,69.0,138.0,6456.0
475,AGAC,2025-03-06 21:10:58.936888+00:00,FMP,0.0,0.0,0.0,0.0,0.0,0.0
476,AGAE,2025-03-06 21:10:58.936888+00:00,FMP,1.0899,1.08,1.09,33.0,1.0,5000.0
477,AGAEW,2025-03-06 21:10:58.936888+00:00,FMP,0.006,0.0,0.0,0.0,0.0,7396.0
478,AGBA,2025-03-06 21:10:58.936888+00:00,FMP,0.0,0.0,0.0,0.0,0.0,0.0
479,AGBAW,2025-03-06 21:10:58.936888+00:00,FMP,0.0,0.0,0.0,0.0,0.0,0.0
480,AGCB,2025-03-06 21:10:58.936888+00:00,FMP,0.0,0.0,0.0,0.0,0.0,0.0
481,AGCCF,2025-03-06 21:10:58.936888+00:00,FMP,0.099616,0.0,0.0,0.0,0.0,100.0
482,AGCO,2025-03-06 21:10:58.936888+00:00,FMP,96.39,96.38,96.6,2.0,6.0,100.0
483,AGD,2025-03-06 21:10:58.936888+00:00,FMP,10.045,10.03,10.06,6.0,6.0,100.0
484,AGE,2025-03-06 21:10:58.936888+00:00,FMP,0.0,0.0,0.0,0.0,0.0,0.0
485,AGEM,2025-03-06 21:10:58.936888+00:00,FMP,29.21,29.16,29.47,4.0,1.0,579.0
486,AGEN,2025-03-06 21:10:58.936888+00:00,FMP,2.37,2.37,2.38,4.0,4.0,100.0
487,AGESY,2025-03-06 21:10:58.936888+00:00,FMP,43.11,0.0,0.0,0.0,0.0,147.0
488,AGFAF,2025-03-06 21:10:58.936888+00:00,FMP,0.0093,0.0,0.0,0.0,0.0,2000.0
489,AGFMF,2025-03-06 21:10:58.936888+00:00,FMP,5.01,0.0,0.0,0.0,0.0,300.0
490,AGFS,2025-03-06 21:10:58.936888+00:00,FMP,0.0,0.0,0.0,0.0,0.0,0.0
491,AGFY,2025-03-06 21:10:58.936888+00:00,FMP,16.875,16.55,17.16,10.0,2.0,300.0
492,AGG,2025-03-06 21:10:58.936888+00:00,FMP,98.505,98.5,98.51,149.0,49.0,300.0
493,AGGFF,2025-03-06 21:10:58.936888+00:00,FMP,0.12,0.0,0.0,0.0,0.0,993.0
494,AGGH,2025-03-06 21:10:58.936888+00:00,FMP,21.08,20.97,21.08,2.0,1.0,100.0
495,AGGHF,2025-03-06 21:10:58.936888+00:00,FMP,1e-06,0.0,0.0,0.0,0.0,7399.0
496,AGGI,2025-03-06 21:10:58.936888+00:00,FMP,0.0053,0.0,0.0,0.0,0.0,400.0
497,AGGR,2025-03-06 21:10:58.936888+00:00,FMP,0.0,0.0,0.0,0.0,0.0,0.0
498,AGGRU,2025-03-06 21:10:58.936888+00:00,FMP,0.0,0.0,0.0,0.0,0.0,0.0
499,AGGRW,2025-03-06 21:10:58.936888+00:00,FMP,0.0,0.0,0.0,0.0,0.0,0.0
500,AGGS,2025-03-06 21:10:58.936888+00:00,FMP,41.15,41.14,41.15,1.0,3.0,100.0
501,AGGY,2025-03-06 21:10:58.936888+00:00,FMP,43.48,43.47,43.48,10.0,6.0,100.0
502,AGGZF,2025-03-06 21:10:58.936888+00:00,FMP,32.84,0.0,0.0,0.0,0.0,400.0
503,AGH,2025-03-06 21:10:58.936888+00:00,FMP,0.59072,0.5907,0.5908,1.0,5.0,200.0
504,AGI,2025-03-06 21:10:58.936888+00:00,FMP,23.878,23.87,23.88,11.0,5.0,200.0
505,AGIH,2025-03-06 21:10:58.936888+00:00,FMP,24.9416,21.61,28.27,1.0,0.0,0.0
506,AGIL,2025-03-06 21:10:58.936888+00:00,FMP,0.0,0.0,0.0,0.0,0.0,0.0
507,AGILW,2025-03-06 21:10:58.936888+00:00,FMP,0.0,0.0,0.0,0.0,0.0,0.0
508,AGIO,2025-03-06 21:10:58.936888+00:00,FMP,33.8,33.73,33.82,1.0,2.0,100.0
509,AGIX,2025-03-06 21:10:58.936888+00:00,FMP,26.47,26.4,26.54,1.0,7.0,400.0
510,AGL,2025-03-06 21:10:58.936888+00:00,FMP,3.525,3.52,3.53,49.0,26.0,300.0
511,AGLDF,2025-03-06 21:10:58.936888+00:00,FMP,0.016,0.0,0.0,0.0,0.0,1000.0
512,AGLDUSD,2025-03-06 21:10:58.936888+00:00,FMP,1.5529,1.5529,1.5529,0.8,0.8,0.8
513,AGLE,2025-03-06 21:10:58.936888+00:00,FMP,0.0,0.0,0.0,0.0,0.0,0.0
514,AGLXY,2025-03-06 21:10:58.936888+00:00,FMP,5.37,0.0,0.0,0.0,0.0,808.0
515,AGM,2025-03-06 21:10:58.936888+00:00,FMP,201.57,201.1,202.04,1.0,2.0,118.0
516,AGM-A,2025-03-06 21:10:58.936888+00:00,FMP,156.78,141.75,171.81,2.0,1.0,0.0
517,AGMH,2025-03-06 21:10:58.936888+00:00,FMP,0.2166,0.215,0.2168,160.0,21.0,500.0
518,AGMI,2025-03-06 21:10:58.936888+00:00,FMP,28.69,28.23,29.15,6.0,1.0,100.0
519,AGMJF,2025-03-06 21:10:58.936888+00:00,FMP,11.05,0.0,0.0,0.0,0.0,500.0
520,AGMRF,2025-03-06 21:10:58.936888+00:00,FMP,0.1091,0.0,0.0,0.0,0.0,4100.0
521,AGNC,2025-03-06 21:10:58.936888+00:00,FMP,10.1445,10.14,10.15,275.0,400.0,800.0
522,AGNCL,2025-03-06 21:10:58.936888+00:00,FMP,25.15,25.08,25.15,18.0,10.0,100.0
523,AGNCM,2025-03-06 21:10:58.936888+00:00,FMP,25.39,25.36,25.39,5.0,4.0,200.0
524,AGNCN,2025-03-06 21:10:58.936888+00:00,FMP,26.0,25.95,26.0,2.0,10.0,681.0
525,AGNCO,2025-03-06 21:10:58.936888+00:00,FMP,25.76,25.74,25.76,1.0,3.0,200.0
526,AGNCP,2025-03-06 21:10:58.936888+00:00,FMP,25.275,25.27,25.3,8.0,2.0,124.0
527,AGNG,2025-03-06 21:10:58.936888+00:00,FMP,32.1306,32.08,32.2,2.0,2.0,169.0
528,AGNMF,2025-03-06 21:10:58.936888+00:00,FMP,0.092,0.0,0.0,0.0,0.0,500.0
529,AGNPF,2025-03-06 21:10:58.936888+00:00,FMP,0.06648,0.0,0.0,0.0,0.0,400.0
530,AGNY,2025-03-06 21:10:58.936888+00:00,FMP,0.042,0.0,0.0,0.0,0.0,150.0
531,AGO,2025-03-06 21:10:58.936888+00:00,FMP,85.215,85.16,85.28,2.0,1.0,100.0
532,AGOAF,2025-03-06 21:10:58.936888+00:00,FMP,1e-06,0.0,0.0,0.0,0.0,116.0
533,AGOV,2025-03-06 21:10:58.936888+00:00,FMP,0.0,0.0,0.0,0.0,0.0,0.0
534,AGOX,2025-03-06 21:10:58.936888+00:00,FMP,25.965,25.8,26.14,1.0,10.0,496.0
535,AGPYF,2025-03-06 21:10:58.936888+00:00,FMP,0.32,0.0,0.0,0.0,0.0,2500.0
536,AGQ,2025-03-06 21:10:58.936888+00:00,FMP,42.2,42.19,42.21,10.0,2.0,700.0
537,AGQI,2025-03-06 21:10:58.936888+00:00,FMP,14.206,14.2,14.23,1.0,5.0,300.0
538,AGR,2025-03-06 21:10:58.936888+00:00,FMP,0.0,0.0,0.0,0.0,0.0,0.0
539,AGRH,2025-03-06 21:10:58.936888+00:00,FMP,25.975,25.95,26.0,1.0,1.0,3343.0
540,AGRI,2025-03-06 21:10:58.936888+00:00,FMP,1.71,1.69,1.74,9.0,4.0,540.0
541,AGRIP,2025-03-06 21:10:58.936888+00:00,FMP,100.06,0.0,0.0,0.0,0.0,253.0
542,AGRIW,2025-03-06 21:10:58.936888+00:00,FMP,0.0044,0.0044,0.01,64.0,1.0,497.0
543,AGRO,2025-03-06 21:10:58.936888+00:00,FMP,10.715,10.71,10.72,3.0,15.0,100.0
544,AGRPF,2025-03-06 21:10:58.936888+00:00,FMP,8.16,0.0,0.0,0.0,0.0,100.0
545,AGRPY,2025-03-06 21:10:58.936888+00:00,FMP,19.6563,0.0,0.0,0.0,0.0,1125.0
546,AGRS,2025-03-06 21:10:58.936888+00:00,FMP,1e-06,0.0,0.0,0.0,0.0,8525.0
547,AGRX,2025-03-06 21:10:58.936888+00:00,FMP,0.0,0.0,0.0,0.0,0.0,0.0
548,AGS,2025-03-06 21:10:58.936888+00:00,FMP,12.07,12.06,12.07,1012.0,51.0,100.0
549,AGSS,2025-03-06 21:10:58.936888+00:00,FMP,0.55,0.0,0.0,0.0,0.0,150.0
550,AGTEF,2025-03-06 21:10:58.936888+00:00,FMP,0.0301,0.0,0.0,0.0,0.0,7500.0
551,AGTI,2025-03-06 21:10:58.936888+00:00,FMP,0.0,0.0,0.0,0.0,0.0,0.0
552,AGTX,2025-03-06 21:10:58.936888+00:00,FMP,0.1599,0.0,0.0,0.0,0.0,1000.0
553,AGX,2025-03-06 21:10:58.936888+00:00,FMP,117.575,117.02,118.13,6.0,2.0,100.0
554,AGXKF,2025-03-06 21:10:58.936888+00:00,FMP,0.959,0.0,0.0,0.0,0.0,500.0
555,AGXPF,2025-03-06 21:10:58.936888+00:00,FMP,0.229,0.0,0.0,0.0,0.0,1650.0
556,AGYP,2025-03-06 21:10:58.936888+00:00,FMP,0.0049,0.0,0.0,0.0,0.0,5000.0
557,AGYS,2025-03-06 21:10:58.936888+00:00,FMP,78.78,78.69,78.87,1.0,2.0,100.0
558,AGZ,2025-03-06 21:10:58.936888+00:00,FMP,108.97,108.95,108.99,1.0,1.0,195.0
559,AGZD,2025-03-06 21:10:58.936888+00:00,FMP,22.385,22.37,22.4,2.0,2.0,100.0
560,AHCHF,2025-03-06 21:10:58.936888+00:00,FMP,2.83,0.0,0.0,0.0,0.0,579.0
561,AHCHY,2025-03-06 21:10:58.936888+00:00,FMP,13.9699,0.0,0.0,0.0,0.0,118.0
562,AHCO,2025-03-06 21:10:58.936888+00:00,FMP,10.64,10.63,10.65,5.0,6.0,100.0
563,AHEXY,2025-03-06 21:10:58.936888+00:00,FMP,15.51,0.0,0.0,0.0,0.0,344.0
564,AHG,2025-03-06 21:10:58.936888+00:00,FMP,1.32,1.28,1.33,1.0,2.0,100.0
565,AHH,2025-03-06 21:10:58.936888+00:00,FMP,8.87,8.86,8.87,5.0,6.0,100.0
566,AHI,2025-03-06 21:10:58.936888+00:00,FMP,0.0,0.0,0.0,0.0,0.0,0.0
567,AHIX,2025-03-06 21:10:58.936888+00:00,FMP,0.009,0.0,0.0,0.0,0.0,10000.0
568,AHKSF,2025-03-06 21:10:58.936888+00:00,FMP,7.0,0.0,0.0,0.0,0.0,211.0
569,AHKSY,2025-03-06 21:10:58.936888+00:00,FMP,13.795,0.0,0.0,0.0,0.0,771.0
570,AHLT,2025-03-06 21:10:58.936888+00:00,FMP,23.4099,23.4,23.41,11.0,30.0,233.0
571,AHNR,2025-03-06 21:10:58.936888+00:00,FMP,0.0349,0.0,0.0,0.0,0.0,150.0
572,AHODF,2025-03-06 21:10:58.936888+00:00,FMP,32.5185,0.0,0.0,0.0,0.0,825.0
573,AHOTF,2025-03-06 21:10:58.936888+00:00,FMP,2.15,0.0,0.0,0.0,0.0,100.0
574,AHOY,2025-03-06 21:10:58.936888+00:00,FMP,24.3273,12.14,36.42,1.0,1.0,0.0
575,AHPI,2025-03-06 21:10:58.936888+00:00,FMP,0.0041,0.0,0.0,0.0,0.0,100.0
576,AHR,2025-03-06 21:10:58.936888+00:00,FMP,29.06,29.04,29.08,3.0,6.0,100.0
577,AHRN,2025-03-06 21:10:58.936888+00:00,FMP,10.505,10.47,10.54,10.0,249.0,0.0
578,AHRNU,2025-03-06 21:10:58.936888+00:00,FMP,0.0,0.0,0.0,0.0,0.0,0.0
579,AHRNW,2025-03-06 21:10:58.936888+00:00,FMP,0.0,0.0,0.0,0.0,0.0,0.0
580,AHRO,2025-03-06 21:10:58.936888+00:00,FMP,0.0014,0.0,0.0,0.0,0.0,104700.0
581,AHT,2025-03-06 21:10:58.936888+00:00,FMP,7.8757,7.68,7.9,2.0,5.0,100.0
582,AHYB,2025-03-06 21:10:58.936888+00:00,FMP,45.94,45.84,46.04,1.0,1.0,100.0
583,AI,2025-03-06 21:10:58.936888+00:00,FMP,21.6,21.59,21.61,1.0,5.0,100.0
584,AIA,2025-03-06 21:10:58.936888+00:00,FMP,75.615,75.56,75.64,2.0,2.0,150.0
585,AIABF,2025-03-06 21:10:58.936888+00:00,FMP,0.16,0.0,0.0,0.0,0.0,2000.0
586,AIAD,2025-03-06 21:10:58.936888+00:00,FMP,0.0042,0.0,0.0,0.0,0.0,2500.0
587,AIAGY,2025-03-06 21:10:58.936888+00:00,FMP,50.4,0.0,0.0,0.0,0.0,100.0
588,AIB,2025-03-06 21:10:58.936888+00:00,FMP,0.0,0.0,0.0,0.0,0.0,0.0
589,AIBBR,2025-03-06 21:10:58.936888+00:00,FMP,0.0,0.085,0.0,1.0,0.0,0.0
590,AIBBU,2025-03-06 21:10:58.936888+00:00,FMP,0.0,0.0,0.0,0.0,0.0,0.0
591,AIBD,2025-03-06 21:10:58.936888+00:00,FMP,17.56,17.41,17.71,30.0,15.0,100.0
592,AIBGY,2025-03-06 21:10:58.936888+00:00,FMP,8.0,0.0,0.0,0.0,0.0,200.0
593,AIBRF,2025-03-06 21:10:58.936888+00:00,FMP,3.89,0.0,0.0,0.0,0.0,784.0
594,AIBU,2025-03-06 21:10:58.936888+00:00,FMP,30.3646,30.24,30.39,18.0,18.0,200.0
595,AIC,2025-03-06 21:10:58.936888+00:00,FMP,0.0,0.0,0.0,0.0,0.0,0.0
596,AIDB,2025-03-06 21:10:58.936888+00:00,FMP,0.0,0.0,0.0,0.0,0.0,0.0
597,AIEQ,2025-03-06 21:10:58.936888+00:00,FMP,37.3168,37.3,37.54,5.0,5.0,150.0
598,AIEV,2025-03-06 21:10:58.936888+00:00,FMP,0.1987,0.1905,0.1988,5.0,1.0,250.0
599,AIF,2025-03-06 21:10:58.936888+00:00,FMP,14.82,0.0,0.0,0.0,0.0,0.0
600,AIFD,2025-03-06 21:10:58.936888+00:00,FMP,25.49,25.49,25.53,26.0,1.0,100.0
601,AIFF,2025-03-06 21:10:58.936888+00:00,FMP,3.84,3.83,3.85,5.0,2.0,500.0
602,AIFS,2025-03-06 21:10:58.936888+00:00,FMP,1.716,0.0,0.0,0.0,0.0,200.0
603,AIFU,2025-03-06 21:10:58.936888+00:00,FMP,0.36,0.3589,0.3745,3.0,3.0,100.0
604,AIG,2025-03-06 21:10:58.936888+00:00,FMP,81.29,81.25,81.3,3.0,3.0,150.0
605,AIH,2025-03-06 21:10:58.936888+00:00,FMP,0.0,0.0,0.0,0.0,0.0,0.0
606,AIHLF,2025-03-06 21:10:58.936888+00:00,FMP,2.45,0.0,0.0,0.0,0.0,40000.0
607,AIHS,2025-03-06 21:10:58.936888+00:00,FMP,0.88,0.875,0.9,22.0,50.0,748.0
608,AIIXY,2025-03-06 21:10:58.936888+00:00,FMP,66.0,0.0,0.0,0.0,0.0,110.0
609,AIKI,2025-03-06 21:10:58.936888+00:00,FMP,0.0,0.0,0.0,0.0,0.0,0.0
610,AILG,2025-03-06 21:10:58.936888+00:00,FMP,0.0,0.0,0.0,0.0,0.0,0.0
611,AILIO,2025-03-06 21:10:58.936888+00:00,FMP,79.0,0.0,0.0,0.0,0.0,100.0
612,AILLM,2025-03-06 21:10:58.936888+00:00,FMP,89.0,0.0,0.0,0.0,0.0,470.0
613,AILLO,2025-03-06 21:10:58.936888+00:00,FMP,81.3,0.0,0.0,0.0,0.0,200.0
614,AILQF,2025-03-06 21:10:58.936888+00:00,FMP,0.3129,0.0,0.0,0.0,0.0,2000.0
615,AILV,2025-03-06 21:10:58.936888+00:00,FMP,0.0,0.0,0.0,0.0,0.0,0.0
616,AIM,2025-03-06 21:10:58.936888+00:00,FMP,0.1354,0.135,0.137,6.0,7.0,100.0
617,AIMAU,2025-03-06 21:10:58.936888+00:00,FMP,11.83,11.6,13.02,5.0,1.0,200.0
618,AIMAW,2025-03-06 21:10:58.936888+00:00,FMP,0.026251,0.02421679,0.0296,39.0,1.0,641.0
619,AIMBU,2025-03-06 21:10:58.936888+00:00,FMP,11.99,11.7,12.28,2.0,2.0,494.0
620,AIMC,2025-03-06 21:10:58.936888+00:00,FMP,0.0,0.0,0.0,0.0,0.0,0.0
621,AIMD,2025-03-06 21:10:58.936888+00:00,FMP,0.4768,0.4711,0.489,5.0,5.0,100.0
622,AIMDW,2025-03-06 21:10:58.936888+00:00,FMP,0.117,0.117,0.117,3.0,4.0,100.0
623,AIMFF,2025-03-06 21:10:58.936888+00:00,FMP,1.88,0.0,0.0,0.0,0.0,100.0
624,AIMH,2025-03-06 21:10:58.936888+00:00,FMP,0.0135,0.0,0.0,0.0,0.0,7000.0
625,AIN,2025-03-06 21:10:58.936888+00:00,FMP,72.44,72.36,72.57,1.0,1.0,100.0
626,AINC,2025-03-06 21:10:58.936888+00:00,FMP,0.0,0.0,0.0,0.0,0.0,0.0
627,AINSF,2025-03-06 21:10:58.936888+00:00,FMP,0.7,0.0,0.0,0.0,0.0,3000.0
628,AIO,2025-03-06 21:10:58.936888+00:00,FMP,22.335,22.22,22.43,4.0,1.0,272.0
629,AIOT,2025-03-06 21:10:58.936888+00:00,FMP,6.02,6.01,6.02,6.0,3.0,200.0
630,AIOZUSD,2025-03-06 21:10:58.936888+00:00,FMP,0.7736,0.7736,0.7736,37.6,37.6,37.6
631,AIP,2025-03-06 21:10:58.936888+00:00,FMP,7.9001,7.9,7.93,6.0,2.0,115.0
632,AIPI,2025-03-06 21:10:58.936888+00:00,FMP,42.19,42.19,42.31,2.0,3.0,100.0
633,AIPUY,2025-03-06 21:10:58.936888+00:00,FMP,20.295,0.0,0.0,0.0,0.0,450.0
634,AIQ,2025-03-06 21:10:58.936888+00:00,FMP,38.18,38.17,38.19,7.0,7.0,100.0
635,AIQUF,2025-03-06 21:10:58.936888+00:00,FMP,170.0975,0.0,0.0,0.0,0.0,26.0
636,AIQUY,2025-03-06 21:10:58.936888+00:00,FMP,32.3,0.0,0.0,0.0,0.0,220.0
637,AIR,2025-03-06 21:10:58.936888+00:00,FMP,64.635,64.51,64.72,3.0,1.0,100.0
638,AIRC,2025-03-06 21:10:58.936888+00:00,FMP,39.09,0.0,0.0,0.0,0.0,400.0
639,AIRE,2025-03-06 21:10:58.936888+00:00,FMP,1.3899,1.36,1.39,11.0,2.0,100.0
640,AIRG,2025-03-06 21:10:58.936888+00:00,FMP,5.0901,5.09,5.3,1.0,1.0,3267.0
641,AIRI,2025-03-06 21:10:58.936888+00:00,FMP,3.85,3.75,3.95,2.0,6.0,127.0
642,AIRJ,2025-03-06 21:10:58.936888+00:00,FMP,7.7,7.55,7.7,3.0,2.0,129.0
643,AIRJW,2025-03-06 21:10:58.936888+00:00,FMP,1.05,1.0,1.09,2.0,10.0,250.0
644,AIRL,2025-03-06 21:10:58.936888+00:00,FMP,30.81,30.27,31.35,4.0,1.0,100.0
645,AIRR,2025-03-06 21:10:58.936888+00:00,FMP,69.42,69.38,69.46,6.0,6.0,100.0
646,AIRRF,2025-03-06 21:10:58.936888+00:00,FMP,0.387,0.0,0.0,0.0,0.0,6000.0
647,AIRS,2025-03-06 21:10:58.936888+00:00,FMP,3.94,3.93,3.96,1.0,1.0,100.0
648,AIRT,2025-03-06 21:10:58.936888+00:00,FMP,18.005,17.85,18.5,1.0,1.0,100.0
649,AIRTP,2025-03-06 21:10:58.936888+00:00,FMP,17.2,17.2,17.3,5.0,7.0,289.0
650,AIRUSD,2025-03-06 21:10:58.936888+00:00,FMP,4.1e-09,4.1e-09,4.1e-09,0.0,0.0,0.0
651,AIRYY,2025-03-06 21:10:58.936888+00:00,FMP,9.445,0.0,0.0,0.0,0.0,261.0
652,AISP,2025-03-06 21:10:58.936888+00:00,FMP,3.3212,3.32,3.34,8.0,2.0,299.0
653,AISPW,2025-03-06 21:10:58.936888+00:00,FMP,0.9,0.85,0.9,11.0,17.0,212.0
654,AIT,2025-03-06 21:10:58.936888+00:00,FMP,231.5,231.22,231.71,1.0,6.0,100.0
655,AITR,2025-03-06 21:10:58.936888+00:00,FMP,10.96,10.94,10.98,1.0,10.0,100.0
656,AITRR,2025-03-06 21:10:58.936888+00:00,FMP,0.15,0.11,0.19,1910.0,3.0,100.0
657,AITRU,2025-03-06 21:10:58.936888+00:00,FMP,10.8,10.6,12.5,1.0,1.0,100.0
658,AITUY,2025-03-06 21:10:58.936888+00:00,FMP,9.57,0.0,0.0,0.0,0.0,262.0
659,AITX,2025-03-06 21:10:58.936888+00:00,FMP,0.003,0.0,0.0,0.0,0.0,1600.0
660,AIU,2025-03-06 21:10:58.936888+00:00,FMP,0.61,0.0,0.0,0.0,0.0,100.0
661,AIV,2025-03-06 21:10:58.936888+00:00,FMP,8.895,8.89,8.9,15.0,10.0,100.0
662,AIVC,2025-03-06 21:10:58.936888+00:00,FMP,46.895,45.56,48.23,3.0,3.0,100.0
663,AIVI,2025-03-06 21:10:58.936888+00:00,FMP,44.18,43.96,44.4,5.0,1.0,100.0
664,AIVL,2025-03-06 21:10:58.936888+00:00,FMP,109.26,109.11,109.41,1.0,1.0,100.0
665,AIXI,2025-03-06 21:10:58.936888+00:00,FMP,4.35,4.32,4.55,1.0,96.0,800.0
666,AIYY,2025-03-06 21:10:58.936888+00:00,FMP,5.125,5.12,5.13,8.0,83.0,100.0
667,AIZ,2025-03-06 21:10:58.936888+00:00,FMP,202.0,201.85,202.12,2.0,1.0,100.0
668,AIZN,2025-03-06 21:10:58.936888+00:00,FMP,19.69,19.68,19.95,1.0,2.0,100.0
669,AJG,2025-03-06 21:10:58.936888+00:00,FMP,339.96,339.82,340.12,2.0,3.0,300.0
670,AJIA,2025-03-06 21:10:58.936888+00:00,FMP,0.0185,0.0,0.0,0.0,0.0,19000.0
671,AJINY,2025-03-06 21:10:58.936888+00:00,FMP,40.4,0.0,0.0,0.0,0.0,500.0
672,AJOY,2025-03-06 21:10:58.936888+00:00,FMP,0.0194,0.0,0.0,0.0,0.0,5000.0
673,AJRD,2025-03-06 21:10:58.936888+00:00,FMP,0.0,0.0,0.0,0.0,0.0,0.0
674,AJX,2025-03-06 21:10:58.936888+00:00,FMP,0.0,0.0,0.0,0.0,0.0,0.0
675,AJXA,2025-03-06 21:10:58.936888+00:00,FMP,0.0,0.0,0.0,0.0,0.0,0.0
676,AJYG,2025-03-06 21:10:58.936888+00:00,FMP,0.03,0.0,0.0,0.0,0.0,100.0
677,AKA,2025-03-06 21:10:58.936888+00:00,FMP,15.46,15.25,15.7,3.0,2.0,100.0
678,AKAM,2025-03-06 21:10:58.936888+00:00,FMP,82.74,82.7,82.76,1.0,1.0,100.0
679,AKAN,2025-03-06 21:10:58.936888+00:00,FMP,1.7,1.62,1.7,5.0,7.0,1899.0
680,AKAVF,2025-03-06 21:10:58.936888+00:00,FMP,0.011,0.0,0.0,0.0,0.0,1337.0
681,AKBA,2025-03-06 21:10:58.936888+00:00,FMP,1.94,1.93,1.94,88.0,61.0,100.0
682,AKBIF,2025-03-06 21:10:58.936888+00:00,FMP,1.08,0.0,0.0,0.0,0.0,125.0
683,AKBLF,2025-03-06 21:10:58.936888+00:00,FMP,14.0,0.0,0.0,0.0,0.0,100.0
684,AKBTY,2025-03-06 21:10:58.936888+00:00,FMP,1.49,0.0,0.0,0.0,0.0,3400.0
685,AKCCF,2025-03-06 21:10:58.936888+00:00,FMP,0.64,0.0,0.0,0.0,0.0,200.0
686,AKICW,2025-03-06 21:10:58.936888+00:00,FMP,0.0,0.0,0.0,0.0,0.0,0.0
687,AKLI,2025-03-06 21:10:58.936888+00:00,FMP,0.432,0.0,0.0,0.0,0.0,344.0
688,AKO-A,2025-03-06 21:10:58.936888+00:00,FMP,15.99,15.68,16.04,1.0,1.0,100.0
689,AKO-B,2025-03-06 21:10:58.936888+00:00,FMP,21.37,21.34,21.7,2.0,31.0,200.0
690,AKR,2025-03-06 21:10:58.936888+00:00,FMP,22.77,22.76,22.78,3.0,3.0,100.0
691,AKRFF,2025-03-06 21:10:58.936888+00:00,FMP,0.0689,0.0,0.0,0.0,0.0,3000.0
692,AKRO,2025-03-06 21:10:58.936888+00:00,FMP,44.19,44.15,44.26,1.0,1.0,100.0
693,AKRRF,2025-03-06 21:10:58.936888+00:00,FMP,7.0,0.0,0.0,0.0,0.0,180.0
694,AKTAF,2025-03-06 21:10:58.936888+00:00,FMP,0.9464,0.0,0.0,0.0,0.0,3000.0
695,AKTS,2025-03-06 21:10:58.936888+00:00,FMP,0.0,0.0,0.0,0.0,0.0,0.0
696,AKTUSD,2025-03-06 21:10:58.936888+00:00,FMP,2.479,2.479,2.479,58.77,58.77,58.77
697,AKTX,2025-03-06 21:10:58.936888+00:00,FMP,0.92,0.91,0.964,4.0,13.0,100.0
698,AKU,2025-03-06 21:10:58.936888+00:00,FMP,0.0,0.0,0.0,0.0,0.0,0.0
699,AKUS,2025-03-06 21:10:58.936888+00:00,FMP,0.0,0.0,0.0,0.0,0.0,0.0
700,AKYA,2025-03-06 21:10:58.936888+00:00,FMP,1.56,1.55,1.56,17.0,15.0,100.0
701,AKZOY,2025-03-06 21:10:58.936888+00:00,FMP,21.43,0.0,0.0,0.0,0.0,815.0
702,AL,2025-03-06 21:10:58.936888+00:00,FMP,46.155,46.11,46.2,1.0,4.0,100.0
703,ALAB,2025-03-06 21:10:58.936888+00:00,FMP,63.16,63.06,63.21,11.0,1.0,200.0
704,ALAI,2025-03-06 21:10:58.936888+00:00,FMP,23.8399,23.77,23.85995,3.0,3.0,210.0
705,ALAR,2025-03-06 21:10:58.936888+00:00,FMP,7.19,7.18,7.3,2.0,4.0,100.0
706,ALB,2025-03-06 21:10:58.936888+00:00,FMP,75.88,75.84,75.92,1.0,3.0,100.0
707,ALBBY,2025-03-06 21:10:58.936888+00:00,FMP,19.57,0.0,0.0,0.0,0.0,1000.0
708,ALBHF,2025-03-06 21:10:58.936888+00:00,FMP,0.4974,0.0,0.0,0.0,0.0,134.0
709,ALBKY,2025-03-06 21:10:58.936888+00:00,FMP,0.345,0.0,0.0,0.0,0.0,1250.0
710,ALBO,2025-03-06 21:10:58.936888+00:00,FMP,0.0,0.0,0.0,0.0,0.0,0.0
711,ALBT,2025-03-06 21:10:58.936888+00:00,FMP,11.0775,11.05,11.6,1.0,3.0,190.0
712,ALBTUSD,2025-03-06 21:10:58.936888+00:00,FMP,0.00123483,0.00123483,0.00123483,0.0,0.0,0.0
713,ALC,2025-03-06 21:10:58.936888+00:00,FMP,92.33,92.3,92.34,2.0,2.0,100.0
714,ALCC,2025-03-06 21:10:58.936888+00:00,FMP,0.0,0.0,0.0,0.0,0.0,0.0
715,ALCE,2025-03-06 21:10:58.936888+00:00,FMP,0.046,0.166,0.17,1.0,282.0,130.0
716,ALCO,2025-03-06 21:10:58.936888+00:00,FMP,28.18,27.99,28.18,2.0,1.0,175.0
717,ALCUF,2025-03-06 21:10:58.936888+00:00,FMP,0.096,0.0,0.0,0.0,0.0,4428.0
718,ALCXUSD,2025-03-06 21:10:58.936888+00:00,FMP,11.57,11.57,11.57,0.0,0.0,10.7
719,ALCY,2025-03-06 21:10:58.936888+00:00,FMP,11.07,10.75,11.31,10.0,2.0,100.0
720,ALCYU,2025-03-06 21:10:58.936888+00:00,FMP,11.48,9.08,13.34,1.0,1.0,394.0
721,ALCYW,2025-03-06 21:10:58.936888+00:00,FMP,0.1,0.085,0.115,1.0,1.0,200.0
722,ALDFU,2025-03-06 21:10:58.936888+00:00,FMP,10.17,10.17,10.25,13.0,10.0,100.0
723,ALDS,2025-03-06 21:10:58.936888+00:00,FMP,0.0191,0.0,0.0,0.0,0.0,1000.0
724,ALDVF,2025-03-06 21:10:58.936888+00:00,FMP,0.3156,0.0,0.0,0.0,0.0,1000.0
725,ALDX,2025-03-06 21:10:58.936888+00:00,FMP,6.29,6.28,6.31,6.0,6.0,102.0
726,ALE,2025-03-06 21:10:58.936888+00:00,FMP,65.4,65.4,65.45,2.0,7.0,150.0
727,ALEAF,2025-03-06 21:10:58.936888+00:00,FMP,0.0219,0.0,0.0,0.0,0.0,5000.0
728,ALEC,2025-03-06 21:10:58.936888+00:00,FMP,1.585,1.58,1.59,26.0,11.0,100.0
729,ALEPHUSD,2025-03-06 21:10:58.936888+00:00,FMP,0.1049,0.1049,0.1049,47.2,47.2,47.2
730,ALEX,2025-03-06 21:10:58.936888+00:00,FMP,17.6,17.59,17.61,6.0,1.0,100.0
731,ALF,2025-03-06 21:10:58.936888+00:00,FMP,10.2101,10.21,10.24,101.0,10.0,100.0
732,ALFUU,2025-03-06 21:10:58.936888+00:00,FMP,10.25,10.25,10.49,6.0,4.0,100.0
733,ALFUW,2025-03-06 21:10:58.936888+00:00,FMP,0.17,0.16,0.18,8.0,110.0,500.0
734,ALFVY,2025-03-06 21:10:58.936888+00:00,FMP,41.9701,0.0,0.0,0.0,0.0,400.0
735,ALFWQ,2025-03-06 21:10:58.936888+00:00,FMP,0.0002,0.0,0.0,0.0,0.0,200.0
736,ALG,2025-03-06 21:10:58.936888+00:00,FMP,182.715,182.57,183.15,1.0,1.0,100.0
737,ALGEF,2025-03-06 21:10:58.936888+00:00,FMP,0.0124,0.0,0.0,0.0,0.0,10000.0
738,ALGGY,2025-03-06 21:10:58.936888+00:00,FMP,7.28,0.0,0.0,0.0,0.0,100.0
739,ALGM,2025-03-06 21:10:58.936888+00:00,FMP,28.42,28.38,28.43,2.0,2.0,100.0
740,ALGN,2025-03-06 21:10:58.936888+00:00,FMP,172.92,172.76,173.15,1.0,2.0,259.0
741,ALGOUSD,2025-03-06 21:10:58.936888+00:00,FMP,0.24391,0.24391,0.24391,0.0,0.0,1512.1866
742,ALGS,2025-03-06 21:10:58.936888+00:00,FMP,13.65,13.62,13.75,3.0,2.0,100.0
743,ALGT,2025-03-06 21:10:58.936888+00:00,FMP,63.23,63.05,63.42,3.0,2.0,100.0
744,ALHC,2025-03-06 21:10:58.936888+00:00,FMP,15.37,15.36,15.38,4.0,4.0,100.0
745,ALICEUSD,2025-03-06 21:10:58.936888+00:00,FMP,0.58,0.58,0.58,0.0,0.0,929.189
746,ALIM,2025-03-06 21:10:58.936888+00:00,FMP,0.0,0.0,0.0,0.0,0.0,0.0
747,ALIT,2025-03-06 21:10:58.936888+00:00,FMP,6.33,6.32,6.33,32.0,47.0,500.0
748,ALIZF,2025-03-06 21:10:58.936888+00:00,FMP,310.0,0.0,0.0,0.0,0.0,60.0
749,ALIZY,2025-03-06 21:10:58.936888+00:00,FMP,30.66,0.0,0.0,0.0,0.0,1074.0
750,ALJJ,2025-03-06 21:10:58.936888+00:00,FMP,1.925,0.0,0.0,0.0,0.0,200.0
751,ALK,2025-03-06 21:10:58.936888+00:00,FMP,62.93,62.88,62.94,2.0,2.0,200.0
752,ALKEF,2025-03-06 21:10:58.936888+00:00,FMP,0.49995,0.0,0.0,0.0,0.0,6100.0
753,ALKM,2025-03-06 21:10:58.936888+00:00,FMP,0.0002,0.0,0.0,0.0,0.0,21000.0
754,ALKS,2025-03-06 21:10:58.936888+00:00,FMP,34.77,34.76,34.78,1.0,1.0,100.0
755,ALKT,2025-03-06 21:10:58.936888+00:00,FMP,27.94,27.92,27.96,2.0,3.0,100.0
756,ALL,2025-03-06 21:10:58.936888+00:00,FMP,197.13,197.04,197.25,2.0,1.0,100.0
757,ALLE,2025-03-06 21:10:58.936888+00:00,FMP,127.41,127.4,127.58,1.0,4.0,150.0
758,ALLEUR,2025-03-06 21:10:58.936888+00:00,FMP,0.01019576,0.01019576,0.01019576,0.0,0.0,0.0
759,ALLG,2025-03-06 21:10:58.936888+00:00,FMP,0.0,0.0,0.0,0.0,0.0,0.0
760,ALLGBP,2025-03-06 21:10:58.936888+00:00,FMP,0.0084832,0.0084832,0.0084832,0.0,0.0,0.0
761,ALLIF,2025-03-06 21:10:58.936888+00:00,FMP,0.42,0.0,0.0,0.0,0.0,10000.0
762,ALLK,2025-03-06 21:10:58.936888+00:00,FMP,0.255,0.255,0.2551,6.0,6.0,200.0
763,ALLO,2025-03-06 21:10:58.936888+00:00,FMP,2.0173,2.01,2.02,46.0,22.0,136.0
764,ALLR,2025-03-06 21:10:58.936888+00:00,FMP,1.035,1.03,1.04,10.0,313.0,100.0
765,ALLT,2025-03-06 21:10:58.936888+00:00,FMP,5.47,5.46,5.48,3.0,2.0,200.0
766,ALLUSD,2025-03-06 21:10:58.936888+00:00,FMP,0.01093374,0.01093374,0.01093374,0.0,0.0,0.0
767,ALLY,2025-03-06 21:10:58.936888+00:00,FMP,35.03,35.0,35.04,7.0,3.0,100.0
768,ALMC,2025-03-06 21:10:58.936888+00:00,FMP,5.75,0.0,0.0,0.0,0.0,462.0
769,ALMMF,2025-03-06 21:10:58.936888+00:00,FMP,0.58,0.0,0.0,0.0,0.0,963.0
770,ALMS,2025-03-06 21:10:58.936888+00:00,FMP,5.1,5.09,5.12,3.0,1.0,100.0
771,ALMTF,2025-03-06 21:10:58.936888+00:00,FMP,0.5265,0.0,0.0,0.0,0.0,7000.0
772,ALMU,2025-03-06 21:10:58.936888+00:00,FMP,7.2744,0.0,0.0,0.0,0.0,100.0
773,ALNAQ,2025-03-06 21:10:58.936888+00:00,FMP,0.0002,0.0,0.0,0.0,0.0,330.0
774,ALNPY,2025-03-06 21:10:58.936888+00:00,FMP,4.38,0.0,0.0,0.0,0.0,1350.0
775,ALNT,2025-03-06 21:10:58.936888+00:00,FMP,25.18,25.15,25.58,4.0,5.0,100.0
776,ALNY,2025-03-06 21:10:58.936888+00:00,FMP,248.205,247.77,248.64,1.0,1.0,100.0
777,ALOR,2025-03-06 21:10:58.936888+00:00,FMP,0.0,0.0,0.0,0.0,0.0,0.0
778,ALORU,2025-03-06 21:10:58.936888+00:00,FMP,10.84,0.0,0.0,0.0,0.0,1000.0
779,ALORW,2025-03-06 21:10:58.936888+00:00,FMP,0.0,0.0,0.015,0.0,16.0,0.0
780,ALOT,2025-03-06 21:10:58.936888+00:00,FMP,10.2,10.2,10.35,2.0,1.0,300.0
781,ALPA,2025-03-06 21:10:58.936888+00:00,FMP,0.0,0.0,0.0,0.0,0.0,0.0
782,ALPAU,2025-03-06 21:10:58.936888+00:00,FMP,0.0,0.0,0.0,0.0,0.0,0.0
783,ALPAW,2025-03-06 21:10:58.936888+00:00,FMP,0.0,0.0,0.0,0.0,0.0,0.0
784,ALPE,2025-03-06 21:10:58.936888+00:00,FMP,0.0005,0.0,0.0,0.0,0.0,1000.0
785,ALPGF,2025-03-06 21:10:58.936888+00:00,FMP,0.02,0.0,0.0,0.0,0.0,37500.0
786,ALPHAUSD,2025-03-06 21:10:58.936888+00:00,FMP,0.06167118,0.06167118,0.06167118,120.538,120.538,120.538
787,ALPIB,2025-03-06 21:10:58.936888+00:00,FMP,33.0245,0.0,0.0,0.0,0.0,34.0
788,ALPMF,2025-03-06 21:10:58.936888+00:00,FMP,14.55,0.0,0.0,0.0,0.0,400.0
789,ALPMY,2025-03-06 21:10:58.936888+00:00,FMP,12.04,0.0,0.0,0.0,0.0,4670.0
790,ALPN,2025-03-06 21:10:58.936888+00:00,FMP,0.0,0.0,0.0,0.0,0.0,0.0
791,ALPP,2025-03-06 21:10:58.936888+00:00,FMP,0.0001,0.0,0.0,0.0,0.0,1750.0
792,ALPS,2025-03-06 21:10:58.936888+00:00,FMP,0.0,0.0,0.0,0.0,0.0,0.0
793,ALR,2025-03-06 21:10:58.936888+00:00,FMP,0.0,0.0,0.0,0.0,0.0,0.0
794,ALRM,2025-03-06 21:10:58.936888+00:00,FMP,59.48,59.37,59.54,1.0,2.0,100.0
795,ALRN,2025-03-06 21:10:58.936888+00:00,FMP,0.0,0.0,0.0,0.0,0.0,0.0
796,ALRS,2025-03-06 21:10:58.936888+00:00,FMP,19.33,19.25,19.41,2.0,4.0,100.0
797,ALRTF,2025-03-06 21:10:58.936888+00:00,FMP,0.01,0.0,0.0,0.0,0.0,8500.0
798,ALSA,2025-03-06 21:10:58.936888+00:00,FMP,0.0,0.0,0.0,0.0,0.0,0.0
799,ALSAR,2025-03-06 21:10:58.936888+00:00,FMP,0.0,0.0,0.0,0.0,0.0,0.0
800,ALSAU,2025-03-06 21:10:58.936888+00:00,FMP,0.0,0.0,0.0,0.0,0.0,0.0
801,ALSAW,2025-03-06 21:10:58.936888+00:00,FMP,0.0,0.0,0.0,0.0,0.0,0.0
802,ALSE,2025-03-06 21:10:58.936888+00:00,FMP,0.01,0.0,0.0,0.0,0.0,36.0
803,ALSMY,2025-03-06 21:10:58.936888+00:00,FMP,2.802,0.0,0.0,0.0,0.0,976.0
804,ALSN,2025-03-06 21:10:58.936888+00:00,FMP,96.07,95.99,96.1,2.0,2.0,100.0
805,ALSSF,2025-03-06 21:10:58.936888+00:00,FMP,2.15,0.0,0.0,0.0,0.0,9302.0
806,ALST,2025-03-06 21:10:58.936888+00:00,FMP,0.001,0.0,0.0,0.0,0.0,19900.0
807,ALT,2025-03-06 21:10:58.936888+00:00,FMP,5.59,5.59,5.6,6.0,16.0,100.0
808,ALTD,2025-03-06 21:10:58.936888+00:00,FMP,0.0021,0.0,0.0,0.0,0.0,79500.0
809,ALTG,2025-03-06 21:10:58.936888+00:00,FMP,5.065,5.05,5.08,10.0,1.0,100.0
810,ALTI,2025-03-06 21:10:58.936888+00:00,FMP,3.39,3.38,3.4,4.0,3.0,100.0
811,ALTL,2025-03-06 21:10:58.936888+00:00,FMP,34.1824,34.17,34.2,7.0,2.0,188.0
812,ALTM,2025-03-06 21:10:58.936888+00:00,FMP,5.84,5.84,5.85,1300.0,697.0,600.0
813,ALTO,2025-03-06 21:10:58.936888+00:00,FMP,1.56,1.56,1.57,26.0,45.0,100.0
814,ALTPF,2025-03-06 21:10:58.936888+00:00,FMP,0.1032,0.0,0.0,0.0,0.0,2500.0
815,ALTR,2025-03-06 21:10:58.936888+00:00,FMP,111.12,111.11,111.14,4.0,3.0,100.0
816,ALTS,2025-03-06 21:10:58.936888+00:00,FMP,5.31,5.2,5.31,20.0,4.0,183.0
817,ALTU,2025-03-06 21:10:58.936888+00:00,FMP,0.0,0.0,0.0,0.0,0.0,0.0
818,ALTUSD,2025-03-06 21:10:58.936888+00:00,FMP,0.072301,0.072301,0.072301,2172.7417,2172.7417,2172.7417
819,ALTUU,2025-03-06 21:10:58.936888+00:00,FMP,0.0,0.0,0.0,0.0,0.0,0.0
820,ALTUW,2025-03-06 21:10:58.936888+00:00,FMP,0.0,0.0,0.0,0.0,0.0,0.0
821,ALTX,2025-03-06 21:10:58.936888+00:00,FMP,0.2999,0.0,0.0,0.0,0.0,300.0
822,ALTY,2025-03-06 21:10:58.936888+00:00,FMP,11.71,11.7,11.72,8.0,43.0,100.0
823,ALUM,2025-03-06 21:10:58.936888+00:00,FMP,0.0,0.0,0.0,0.0,0.0,0.0
824,ALUR,2025-03-06 21:10:58.936888+00:00,FMP,2.53,2.51,2.55,1.0,6.0,200.0
825,ALV,2025-03-06 21:10:58.936888+00:00,FMP,97.82,97.72,97.9,1.0,4.0,100.0
826,ALVLF,2025-03-06 21:10:58.936888+00:00,FMP,0.0982,0.0,0.0,0.0,0.0,70000.0
827,ALVNF,2025-03-06 21:10:58.936888+00:00,FMP,1.54,0.0,0.0,0.0,0.0,100.0
828,ALVO,2025-03-06 21:10:58.936888+00:00,FMP,11.17,11.15,11.18,1.0,2.0,200.0
829,ALVOF,2025-03-06 21:10:58.936888+00:00,FMP,6.6,0.0,0.0,0.0,0.0,300.0
830,ALVOW,2025-03-06 21:10:58.936888+00:00,FMP,2.02,1.75,2.29,263.0,2.0,100.0
831,ALVR,2025-03-06 21:10:58.936888+00:00,FMP,9.94,9.78,9.96,1.0,1.0,188.0
832,ALX,2025-03-06 21:10:58.936888+00:00,FMP,215.0,213.5,216.48,2.0,1.0,142.0
833,ALXEF,2025-03-06 21:10:58.936888+00:00,FMP,0.0248,0.0,0.0,0.0,0.0,1000.0
834,ALXO,2025-03-06 21:10:58.936888+00:00,FMP,1.475,1.47,1.48,41.0,16.0,100.0
835,ALXXF,2025-03-06 21:10:58.936888+00:00,FMP,0.56,0.0,0.0,0.0,0.0,1000.0
836,ALYA,2025-03-06 21:10:58.936888+00:00,FMP,0.0,0.0,0.0,0.0,0.0,0.0
837,ALYI,2025-03-06 21:10:58.936888+00:00,FMP,0.0009,0.0,0.0,0.0,0.0,2500.0
838,ALZN,2025-03-06 21:10:58.936888+00:00,FMP,0.73,0.71,0.748,10.0,30.0,272.0
839,AM,2025-03-06 21:10:58.936888+00:00,FMP,16.36,16.35,16.36,6.0,3.0,100.0
840,AMADY,2025-03-06 21:10:58.936888+00:00,FMP,66.95,0.0,0.0,0.0,0.0,189.0
841,AMAL,2025-03-06 21:10:58.936888+00:00,FMP,29.86,29.76,29.87,1.0,1.0,100.0
842,AMAM,2025-03-06 21:10:58.936888+00:00,FMP,0.0,0.0,0.0,0.0,0.0,0.0
843,AMAO,2025-03-06 21:10:58.936888+00:00,FMP,0.0,0.0,0.0,0.0,0.0,0.0
844,AMAOU,2025-03-06 21:10:58.936888+00:00,FMP,0.0,0.0,0.0,0.0,0.0,0.0
845,AMAOW,2025-03-06 21:10:58.936888+00:00,FMP,0.0,0.0,0.0,0.0,0.0,0.0
846,AMAT,2025-03-06 21:10:58.936888+00:00,FMP,152.4,152.36,152.48,2.0,1.0,100.0
847,AMAX,2025-03-06 21:10:58.936888+00:00,FMP,7.57,7.45,7.62,9.0,9.0,966.0
848,AMBA,2025-03-06 21:10:58.936888+00:00,FMP,54.99,54.86,55.11,1.0,3.0,100.0
849,AMBC,2025-03-06 21:10:58.936888+00:00,FMP,9.105,9.1,9.11,11.0,7.0,100.0
850,AMBI,2025-03-06 21:10:58.936888+00:00,FMP,4.0,3.98,4.1,1.0,1.0,100.0
851,AMBO,2025-03-06 21:10:58.936888+00:00,FMP,2.3531,2.23,2.46,1.0,7.0,150.0
852,AMBP,2025-03-06 21:10:58.936888+00:00,FMP,2.77,2.76,2.77,70.0,74.0,100.0
853,AMC,2025-03-06 21:10:58.936888+00:00,FMP,2.99,2.99,3.0,78.0,73.0,100.0
854,AMCF,2025-03-06 21:10:58.936888+00:00,FMP,0.0001,0.0,0.0,0.0,0.0,12000.0
855,AMCIW,2025-03-06 21:10:58.936888+00:00,FMP,0.36,0.3,0.42,8.0,9.0,0.0
856,AMCR,2025-03-06 21:10:58.936888+00:00,FMP,10.085,10.08,10.09,394.0,185.0,300.0
857,AMCX,2025-03-06 21:10:58.936888+00:00,FMP,7.14,7.14,7.15,2.0,4.0,108.0
858,AMD,2025-03-06 21:10:58.936888+00:00,FMP,99.28,99.28,99.3,2.0,3.0,100.0
859,AMDD,2025-03-06 21:10:58.936888+00:00,FMP,27.4949,26.71,27.71,4.0,4.0,0.0
860,AMDG,2025-03-06 21:10:58.936888+00:00,FMP,9.3801,9.37,9.39,22.0,11.0,100.0
861,AMDGBP,2025-03-06 21:10:58.936888+00:00,FMP,0.00196719,0.00196719,0.00196719,0.0,0.0,0.0
862,AMDL,2025-03-06 21:10:58.936888+00:00,FMP,4.92,4.92,4.93,175.0,175.0,100.0
863,AMDS,2025-03-06 21:10:58.936888+00:00,FMP,18.981,18.92,19.02,20.0,20.0,100.0
864,AMDY,2025-03-06 21:10:58.936888+00:00,FMP,7.755,7.75,7.76,47.0,70.0,100.0
865,AME,2025-03-06 21:10:58.936888+00:00,FMP,183.26,183.21,183.36,1.0,2.0,100.0
866,AMED,2025-03-06 21:10:58.936888+00:00,FMP,92.27,92.22,92.32,1.0,1.0,100.0
867,AMEH,2025-03-06 21:10:58.936888+00:00,FMP,0.0,0.0,0.0,0.0,0.0,0.0
868,AMEN,2025-03-06 21:10:58.936888+00:00,FMP,485.0,0.0,0.0,0.0,0.0,5.0
869,AMEUF,2025-03-06 21:10:58.936888+00:00,FMP,11.76,0.0,0.0,0.0,0.0,872.0
870,AMFL,2025-03-06 21:10:58.936888+00:00,FMP,0.477,0.0,0.0,0.0,0.0,497.0
871,AMG,2025-03-06 21:10:58.936888+00:00,FMP,162.54,162.32,162.86,2.0,1.0,100.0
872,AMGDF,2025-03-06 21:10:58.936888+00:00,FMP,4.27,0.0,0.0,0.0,0.0,229.0
873,AMGN,2025-03-06 21:10:58.936888+00:00,FMP,317.345,317.15,317.52,4.0,5.0,100.0
874,AMGRF,2025-03-06 21:10:58.936888+00:00,FMP,0.1497,0.0,0.0,0.0,0.0,7157.0
875,AMH,2025-03-06 21:10:58.936888+00:00,FMP,36.23,36.22,36.24,1.0,3.0,100.0
876,AMHD,2025-03-06 21:10:58.936888+00:00,FMP,0.0001,0.0,0.0,0.0,0.0,409.0
877,AMHV,2025-03-06 21:10:58.936888+00:00,FMP,0.62,0.0,0.0,0.0,0.0,2300.0
878,AMID,2025-03-06 21:10:58.936888+00:00,FMP,31.7599,31.69,31.83,1.0,15.0,239.0
879,AMIGY,2025-03-06 21:10:58.936888+00:00,FMP,26.2,0.0,0.0,0.0,0.0,111.0
880,AMIH,2025-03-06 21:10:58.936888+00:00,FMP,0.00175,0.0,0.0,0.0,0.0,14156.0
881,AMIVF,2025-03-06 21:10:58.936888+00:00,FMP,8.8342,0.0,0.0,0.0,0.0,1000.0
882,AMIX,2025-03-06 21:10:58.936888+00:00,FMP,2.4325,2.37,2.5,5.0,1.0,100.0
883,AMJ,2025-03-06 21:10:58.936888+00:00,FMP,0.0,0.0,0.0,0.0,0.0,0.0
884,AMJB,2025-03-06 21:10:58.936888+00:00,FMP,30.98,30.97,31.01,12.0,2.0,119.0
885,AMK,2025-03-06 21:10:58.936888+00:00,FMP,0.0,0.0,0.0,0.0,0.0,0.0
886,AMKBF,2025-03-06 21:10:58.936888+00:00,FMP,1475.0,0.0,0.0,0.0,0.0,3.0
887,AMKBY,2025-03-06 21:10:58.936888+00:00,FMP,8.81,0.0,0.0,0.0,0.0,264.0
888,AMKR,2025-03-06 21:10:58.936888+00:00,FMP,19.95,19.94,19.97,2.0,4.0,100.0
889,AMLH,2025-03-06 21:10:58.936888+00:00,FMP,0.0001,0.0,0.0,0.0,0.0,30000.0
890,AMLI,2025-03-06 21:10:58.936888+00:00,FMP,0.0,0.0,0.0,0.0,0.0,0.0
891,AMLM,2025-03-06 21:10:58.936888+00:00,FMP,0.0212,0.0,0.0,0.0,0.0,5080.0
892,AMLP,2025-03-06 21:10:58.936888+00:00,FMP,49.8355,49.82,49.85,2.0,3.0,439.0
893,AMLX,2025-03-06 21:10:58.936888+00:00,FMP,3.62,3.61,3.63,6.0,2.0,100.0
894,AMMJ,2025-03-06 21:10:58.936888+00:00,FMP,0.0205,0.0,0.0,0.0,0.0,2000.0
895,AMMPF,2025-03-06 21:10:58.936888+00:00,FMP,0.025,0.0,0.0,0.0,0.0,2000.0
896,AMMUSD,2025-03-06 21:10:58.936888+00:00,FMP,0.02477932,0.02477932,0.02477932,0.0,0.0,0.0
897,AMN,2025-03-06 21:10:58.936888+00:00,FMP,26.04,26.03,26.07,1.0,2.0,100.0
898,AMNA,2025-03-06 21:10:58.936888+00:00,FMP,0.0,0.0,0.0,0.0,0.0,0.0
899,AMNB,2025-03-06 21:10:58.936888+00:00,FMP,0.0,0.0,0.0,0.0,0.0,0.0
900,AMND,2025-03-06 21:10:58.936888+00:00,FMP,0.0,0.0,0.0,0.0,0.0,0.0
901,AMNE,2025-03-06 21:10:58.936888+00:00,FMP,1e-06,0.0,0.0,0.0,0.0,1700000.0
902,AMNF,2025-03-06 21:10:58.936888+00:00,FMP,4.09,0.0,0.0,0.0,0.0,100.0
903,AMNNF,2025-03-06 21:10:58.936888+00:00,FMP,0.25,0.0,0.0,0.0,0.0,500.0
904,AMNP,2025-03-06 21:10:58.936888+00:00,FMP,0.03,0.0,0.0,0.0,0.0,6000.0
905,AMOD,2025-03-06 21:10:58.936888+00:00,FMP,1.62,1.58,1.63,1.0,2.0,100.0
906,AMODW,2025-03-06 21:10:58.936888+00:00,FMP,0.067,0.06,0.0675,224.0,1.0,100.0
907,AMOM,2025-03-06 21:10:58.936888+00:00,FMP,38.7425,38.53,38.81,3.0,4.0,100.0
908,AMOSF,2025-03-06 21:10:58.936888+00:00,FMP,0.0443,0.0,0.0,0.0,0.0,10500.0
909,AMOT,2025-03-06 21:10:58.936888+00:00,FMP,0.0,0.0,0.0,0.0,0.0,0.0
910,AMOV,2025-03-06 21:10:58.936888+00:00,FMP,0.0,0.0,0.0,0.0,0.0,0.0
911,AMP,2025-03-06 21:10:58.936888+00:00,FMP,501.16,500.76,501.56,1.0,1.0,100.0
912,AMPD,2025-03-06 21:10:58.936888+00:00,FMP,21.95,16.33,27.21,2.0,1.0,460.0
913,AMPDF,2025-03-06 21:10:58.936888+00:00,FMP,0.085,0.0,0.0,0.0,0.0,200.0
914,AMPE,2025-03-06 21:10:58.936888+00:00,FMP,0.0026,0.0,0.0,0.0,0.0,107.0
915,AMPG,2025-03-06 21:10:58.936888+00:00,FMP,1.615,1.6,1.62497,2.0,8.0,100.0
916,AMPGW,2025-03-06 21:10:58.936888+00:00,FMP,0.4,0.32,0.4,10.0,9.0,600.0
917,AMPH,2025-03-06 21:10:58.936888+00:00,FMP,28.34,28.32,28.36,2.0,2.0,100.0
918,AMPI,2025-03-06 21:10:58.936888+00:00,FMP,0.0,0.0,0.0,0.0,0.0,0.0
919,AMPIW,2025-03-06 21:10:58.936888+00:00,FMP,0.002,0.0,0.0,0.0,0.0,7129.0
920,AMPL,2025-03-06 21:10:58.936888+00:00,FMP,12.27,12.25,12.29,1.0,4.0,100.0
921,AMPS,2025-03-06 21:10:58.936888+00:00,FMP,4.925,4.92,4.93,1563.0,278.0,100.0
922,AMPUSD,2025-03-06 21:10:58.936888+00:00,FMP,0.00445,0.00445,0.00445,0.0,0.0,385.0
923,AMPX,2025-03-06 21:10:58.936888+00:00,FMP,1.995,1.99,2.0,48.0,28.0,100.0
924,AMPX-WT,2025-03-06 21:10:58.936888+00:00,FMP,0.3299,0.305,0.33,1.0,2.0,1000.0
925,AMPY,2025-03-06 21:10:58.936888+00:00,FMP,3.79,3.79,3.8,7.0,41.0,100.0
926,AMQFF,2025-03-06 21:10:58.936888+00:00,FMP,0.29,0.0,0.0,0.0,0.0,5000.0
927,AMR,2025-03-06 21:10:58.936888+00:00,FMP,133.425,132.91,133.94,1.0,1.0,100.0
928,AMRA,2025-03-06 21:10:58.936888+00:00,FMP,0.0001,0.0,0.0,0.0,0.0,717.0
929,AMRC,2025-03-06 21:10:58.936888+00:00,FMP,9.22,9.22,9.24,3.0,1.0,181.0
930,AMRK,2025-03-06 21:10:58.936888+00:00,FMP,27.145,27.12,27.19,2.0,1.0,100.0
931,AMRLF,2025-03-06 21:10:58.936888+00:00,FMP,0.409,0.0,0.0,0.0,0.0,15000.0
932,AMRN,2025-03-06 21:10:58.936888+00:00,FMP,0.5375,0.5331,0.5375,5.0,5.0,200.0
933,AMROF,2025-03-06 21:10:58.936888+00:00,FMP,0.2,0.0,0.0,0.0,0.0,25000.0
934,AMRX,2025-03-06 21:10:58.936888+00:00,FMP,8.795,8.79,8.8,3.0,8.0,100.0
935,AMRZF,2025-03-06 21:10:58.936888+00:00,FMP,0.45,0.0,0.0,0.0,0.0,5000.0
936,AMS,2025-03-06 21:10:58.936888+00:00,FMP,2.7095,2.7,2.71,23.0,2.0,300.0
937,AMSA,2025-03-06 21:10:58.936888+00:00,FMP,0.048,0.0,0.0,0.0,0.0,400.0
938,AMSC,2025-03-06 21:10:58.936888+00:00,FMP,19.19,19.17,19.22,3.0,2.0,100.0
939,AMSF,2025-03-06 21:10:58.936888+00:00,FMP,50.91,50.84,50.96,1.0,1.0,100.0
940,AMSSY,2025-03-06 21:10:58.936888+00:00,FMP,3.47,0.0,0.0,0.0,0.0,200.0
941,AMST,2025-03-06 21:10:58.936888+00:00,FMP,2.4,2.4,2.47,10.0,1.0,100.0
942,AMSWA,2025-03-06 21:10:58.936888+00:00,FMP,10.95,10.64,11.18,1.0,1.0,208.0
943,AMT,2025-03-06 21:10:58.936888+00:00,FMP,206.47,206.42,206.52,4.0,2.0,230.0
944,AMTB,2025-03-06 21:10:58.936888+00:00,FMP,21.84,21.81,21.87,1.0,1.0,100.0
945,AMTD,2025-03-06 21:10:58.936888+00:00,FMP,1.0402,1.04,1.05,9.0,59.0,444.0
946,AMTI,2025-03-06 21:10:58.936888+00:00,FMP,0.0,0.0,0.0,0.0,0.0,0.0
947,AMTM,2025-03-06 21:10:58.936888+00:00,FMP,18.485,18.47,18.5,2.0,5.0,100.0
948,AMTR,2025-03-06 21:10:58.936888+00:00,FMP,0.0,0.0,0.0,0.0,0.0,0.0
949,AMTX,2025-03-06 21:10:58.936888+00:00,FMP,1.725,1.72,1.73,32.0,18.0,350.0
950,AMTY,2025-03-06 21:10:58.936888+00:00,FMP,0.03605,0.0,0.0,0.0,0.0,460.0
951,AMUB,2025-03-06 21:10:58.936888+00:00,FMP,20.3315,19.97654,20.68646,1.0,1.0,508.0
952,AMUU,2025-03-06 21:10:58.936888+00:00,FMP,19.61,19.39,19.66954,8.0,8.0,100.0
953,AMV,2025-03-06 21:10:58.936888+00:00,FMP,0.0,0.0,0.0,0.0,0.0,0.0
954,AMVMF,2025-03-06 21:10:58.936888+00:00,FMP,45.93,0.0,0.0,0.0,0.0,645.0
955,AMWD,2025-03-06 21:10:58.936888+00:00,FMP,61.09,60.94,61.47,4.0,4.0,100.0
956,AMWL,2025-03-06 21:10:58.936888+00:00,FMP,8.63,8.5,8.65,1.0,3.0,100.0
957,AMX,2025-03-06 21:10:58.936888+00:00,FMP,14.689,14.68,14.69,8.0,17.0,200.0
958,AMXEF,2025-03-06 21:10:58.936888+00:00,FMP,1.4,0.0,0.0,0.0,0.0,100.0
959,AMYT,2025-03-06 21:10:58.936888+00:00,FMP,0.0,0.0,0.0,0.0,0.0,0.0
960,AMYZF,2025-03-06 21:10:58.936888+00:00,FMP,0.2619,0.0,0.0,0.0,0.0,200.0
961,AMZA,2025-03-06 21:10:58.936888+00:00,FMP,44.75,44.73,44.9,1.0,1.0,125.0
962,AMZD,2025-03-06 21:10:58.936888+00:00,FMP,12.6499,12.64,12.65,26.0,69.0,100.0
963,AMZN,2025-03-06 21:10:58.936888+00:00,FMP,199.93,199.92,199.95,7.0,2.0,100.0
964,AMZP,2025-03-06 21:10:58.936888+00:00,FMP,28.27,28.2,28.29,1.0,1.0,206.0
965,AMZU,2025-03-06 21:10:58.936888+00:00,FMP,33.81,33.81,33.85,3.0,2.0,100.0
966,AMZY,2025-03-06 21:10:58.936888+00:00,FMP,16.8397,16.8,16.84,26.0,19.0,300.0
967,AMZZ,2025-03-06 21:10:58.936888+00:00,FMP,27.9,27.9,27.92,6.0,14.0,100.0
968,AN,2025-03-06 21:10:58.936888+00:00,FMP,172.905,172.69,173.12,4.0,6.0,100.0
969,ANAB,2025-03-06 21:10:58.936888+00:00,FMP,16.485,16.44,16.53,6.0,2.0,100.0
970,ANAS,2025-03-06 21:10:58.936888+00:00,FMP,0.022,0.0,0.0,0.0,0.0,2000.0
971,ANCTF,2025-03-06 21:10:58.936888+00:00,FMP,52.54,0.0,0.0,0.0,0.0,110.0
972,ANDE,2025-03-06 21:10:58.936888+00:00,FMP,42.51,42.51,42.65,1.0,2.0,100.0
973,ANDR,2025-03-06 21:10:58.936888+00:00,FMP,1e-06,0.0,0.0,0.0,0.0,21000.0
974,ANEB,2025-03-06 21:10:58.936888+00:00,FMP,1.02,1.02,1.07,97.0,3.0,105.0
975,ANET,2025-03-06 21:10:58.936888+00:00,FMP,84.16,84.14001,84.21,1.0,4.0,100.0
976,ANEW,2025-03-06 21:10:58.936888+00:00,FMP,46.9937,46.48,47.51,7.0,6.0,1250.0
977,ANEWF,2025-03-06 21:10:58.936888+00:00,FMP,16.01,0.0,0.0,0.0,0.0,12000.0
978,ANF,2025-03-06 21:10:58.936888+00:00,FMP,83.79,83.74,83.84,1.0,4.0,100.0
979,ANFGF,2025-03-06 21:10:58.936888+00:00,FMP,21.37,0.0,0.0,0.0,0.0,120.0
980,ANFIF,2025-03-06 21:10:58.936888+00:00,FMP,0.0001,0.0,0.0,0.0,0.0,782.0
981,ANGGF,2025-03-06 21:10:58.936888+00:00,FMP,0.1567,0.0,0.0,0.0,0.0,2000.0
982,ANGH,2025-03-06 21:10:58.936888+00:00,FMP,0.6699,0.622,0.67,30.0,2.0,2000.0
983,ANGHW,2025-03-06 21:10:58.936888+00:00,FMP,0.01665,0.0143,0.019,88.0,71.0,100.0
984,ANGI,2025-03-06 21:10:58.936888+00:00,FMP,1.58,1.57,1.58,80.0,37.0,159.0
985,ANGL,2025-03-06 21:10:58.936888+00:00,FMP,28.855,28.85,28.86,38.0,27.0,100.0
986,ANGN,2025-03-06 21:10:58.936888+00:00,FMP,0.0,0.0,0.0,0.0,0.0,0.0
987,ANGO,2025-03-06 21:10:58.936888+00:00,FMP,9.43,9.4,9.43,7.0,2.0,100.0
988,ANGPY,2025-03-06 21:10:58.936888+00:00,FMP,6.49,0.0,0.0,0.0,0.0,450.0
989,ANGVF,2025-03-06 21:10:58.936888+00:00,FMP,0.7047,0.0,0.0,0.0,0.0,500.0
990,ANIK,2025-03-06 21:10:58.936888+00:00,FMP,17.005,16.99,17.03,1.0,1.0,100.0
991,ANIOY,2025-03-06 21:10:58.936888+00:00,FMP,5.7,0.0,0.0,0.0,0.0,185.0
992,ANIP,2025-03-06 21:10:58.936888+00:00,FMP,61.9,61.79985,62.39,2.0,6.0,100.0
993,ANIX,2025-03-06 21:10:58.936888+00:00,FMP,2.87,2.86,2.89,2.0,1.0,100.0
994,ANKOF,2025-03-06 21:10:58.936888+00:00,FMP,0.049,0.0,0.0,0.0,0.0,1481.0
995,ANKRUSD,2025-03-06 21:10:58.936888+00:00,FMP,0.01899,0.01899,0.01899,0.0,0.0,13131.0
996,ANL,2025-03-06 21:10:58.936888+00:00,FMP,2.291,2.21,2.39,1.0,1.0,100.0
997,ANLDF,2025-03-06 21:10:58.936888+00:00,FMP,0.0665,0.0,0.0,0.0,0.0,1000.0
998,ANNX,2025-03-06 21:10:58.936888+00:00,FMP,2.69,2.69,2.7,6.0,14.0,100.0
999,ANPC,2025-03-06 21:10:58.936888+00:00,FMP,0.0,0.0,0.0,0.0,0.0,0.0
1000,ANPCF,2025-03-06 21:10:58.936888+00:00,FMP,0.132,0.0,0.0,0.0,0.0,450.0
1001,ANPCY,2025-03-06 21:10:58.936888+00:00,FMP,0.9386,0.0,0.0,0.0,0.0,300.0
1002,ANPMF,2025-03-06 21:10:58.936888+00:00,FMP,0.583,0.0,0.0,0.0,0.0,245.0
1003,ANRGF,2025-03-06 21:10:58.936888+00:00,FMP,0.2201,0.0,0.0,0.0,0.0,300.0
1004,ANRO,2025-03-06 21:10:58.936888+00:00,FMP,3.855,3.84,3.87,1.0,3.0,100.0
1005,ANSC,2025-03-06 21:10:58.936888+00:00,FMP,10.6,10.58,10.62,500.0,1.0,1490.0
1006,ANSCU,2025-03-06 21:10:58.936888+00:00,FMP,10.645,4.3,16.99,1.0,1.0,0.0
1007,ANSCW,2025-03-06 21:10:58.936888+00:00,FMP,0.3581,0.3,0.38,1.0,5.0,1000.0
1008,ANSNF,2025-03-06 21:10:58.936888+00:00,FMP,0.055,0.0,0.0,0.0,0.0,10000.0
1009,ANSS,2025-03-06 21:10:58.936888+00:00,FMP,324.99,324.7,325.28,1.0,1.0,100.0
1010,ANTE,2025-03-06 21:10:58.936888+00:00,FMP,0.4255,0.4245,0.4451,1.0,1.0,100.0
1011,ANTUSD,2025-03-06 21:10:58.936888+00:00,FMP,2.24464,2.24464,2.24464,0.0,0.0,0.0
1012,ANTX,2025-03-06 21:10:58.936888+00:00,FMP,1.3,1.29,1.31,5.0,19.0,499.0
1013,ANVS,2025-03-06 21:10:58.936888+00:00,FMP,1.6586,1.65,1.67,1.0,4.0,100.0
1014,ANY,2025-03-06 21:10:58.936888+00:00,FMP,0.579,0.5712,0.58488,1.0,7.0,100.0
1015,ANYYY,2025-03-06 21:10:58.936888+00:00,FMP,15.675,0.0,0.0,0.0,0.0,113.0
1016,ANZBY,2025-03-06 21:10:58.936888+00:00,FMP,15.885,0.0,0.0,0.0,0.0,3697.0
1017,ANZFF,2025-03-06 21:10:58.936888+00:00,FMP,0.34,0.0,0.0,0.0,0.0,500.0
1018,ANZGY,2025-03-06 21:10:58.936888+00:00,FMP,17.3,0.0,0.0,0.0,0.0,580.0
1019,ANZU,2025-03-06 21:10:58.936888+00:00,FMP,0.0,0.0,0.0,0.0,0.0,0.0
1020,ANZUU,2025-03-06 21:10:58.936888+00:00,FMP,0.0,0.0,0.0,0.0,0.0,0.0
1021,ANZUW,2025-03-06 21:10:58.936888+00:00,FMP,0.0,0.0,0.0,0.0,0.0,0.0
1022,AOA,2025-03-06 21:10:58.936888+00:00,FMP,77.693,77.59,77.72,2.0,6.0,299.0
1023,AOBI,2025-03-06 21:10:58.936888+00:00,FMP,0.0003,0.0,0.0,0.0,0.0,100.0
1024,AOCIF,2025-03-06 21:10:58.936888+00:00,FMP,18.63,0.0,0.0,0.0,0.0,100.0
1025,AOD,2025-03-06 21:10:58.936888+00:00,FMP,8.565,8.56,8.57,16.0,14.0,200.0
1026,AOECF,2025-03-06 21:10:58.936888+00:00,FMP,0.44,0.0,0.0,0.0,0.0,2500.0
1027,AOGO,2025-03-06 21:10:58.936888+00:00,FMP,0.0,0.0,0.0,0.0,0.0,0.0
1028,AOGOW,2025-03-06 21:10:58.936888+00:00,FMP,0.0057,0.0,0.0,0.0,0.0,4400.0
1029,AOHY,2025-03-06 21:10:58.936888+00:00,FMP,11.085,11.08,11.09,8.0,16.0,1000.0
1030,AOIFF,2025-03-06 21:10:58.936888+00:00,FMP,1.38,0.0,0.0,0.0,0.0,800.0
1031,AOK,2025-03-06 21:10:58.936888+00:00,FMP,37.7277,37.72,37.74,23.0,2.0,100.0
1032,AOM,2025-03-06 21:10:58.936888+00:00,FMP,44.09,44.08,44.11,12.0,8.0,100.0
1033,AOMFF,2025-03-06 21:10:58.936888+00:00,FMP,18.41,0.0,0.0,0.0,0.0,10.0
1034,AOMR,2025-03-06 21:10:58.936888+00:00,FMP,9.58,9.57,9.59,2.0,9.0,100.0
1035,AON,2025-03-06 21:10:58.936888+00:00,FMP,402.34,402.22,402.46,3.0,1.0,100.0
1036,AONC,2025-03-06 21:10:58.936888+00:00,FMP,1.75,1.7,1.86,10.0,1.0,199.0
1037,AONNY,2025-03-06 21:10:58.936888+00:00,FMP,19.645,0.0,0.0,0.0,0.0,607.0
1038,AOOO,2025-03-06 21:10:58.936888+00:00,FMP,0.0005,0.0,0.0,0.0,0.0,25000.0
1039,AOR,2025-03-06 21:10:58.936888+00:00,FMP,58.16,58.16,58.17,6.0,26.0,100.0
1040,AOREF,2025-03-06 21:10:58.936888+00:00,FMP,202.0001,0.0,0.0,0.0,0.0,6.0
1041,AORT,2025-03-06 21:10:58.936888+00:00,FMP,24.795,24.74,24.81,1.0,5.0,100.0
1042,AOS,2025-03-06 21:10:58.936888+00:00,FMP,67.995,67.98,68.01,1.0,2.0,100.0
1043,AOSL,2025-03-06 21:10:58.936888+00:00,FMP,26.73,26.65,26.79,3.0,1.0,100.0
1044,AOTG,2025-03-06 21:10:58.936888+00:00,FMP,41.14,41.0,41.26,6.0,11.0,499.0
1045,AOTUF,2025-03-06 21:10:58.936888+00:00,FMP,0.7309,0.0,0.0,0.0,0.0,200.0
1046,AOTVF,2025-03-06 21:10:58.936888+00:00,FMP,0.43,0.0,0.0,0.0,0.0,1802.0
1047,AOUT,2025-03-06 21:10:58.936888+00:00,FMP,14.79,14.76,14.9,1.0,5.0,332.0
1048,AOXG,2025-03-06 21:10:58.936888+00:00,FMP,0.0015,0.0,0.0,0.0,0.0,500.0
1049,AOXY,2025-03-06 21:10:58.936888+00:00,FMP,0.181,0.0,0.0,0.0,0.0,5000.0
1050,AOZOY,2025-03-06 21:10:58.936888+00:00,FMP,3.9,0.0,0.0,0.0,0.0,400.0
1051,AP,2025-03-06 21:10:58.936888+00:00,FMP,1.9599,1.94,1.96,1.0,4.0,100.0
1052,AP-WT,2025-03-06 21:10:58.936888+00:00,FMP,0.04,0.04,0.04,21.0,2.0,400.0
1053,APA,2025-03-06 21:10:58.936888+00:00,FMP,18.73,18.73,18.74,2.0,17.0,100.0
1054,APAAF,2025-03-06 21:10:58.936888+00:00,FMP,0.1191,0.0,0.0,0.0,0.0,200.0
1055,APAC,2025-03-06 21:10:58.936888+00:00,FMP,0.0,0.0,0.0,0.0,0.0,0.0
1056,APACU,2025-03-06 21:10:58.936888+00:00,FMP,0.0,0.0,0.0,0.0,0.0,0.0
1057,APACW,2025-03-06 21:10:58.936888+00:00,FMP,0.0,0.0,0.0,0.0,0.0,0.0
1058,APAJF,2025-03-06 21:10:58.936888+00:00,FMP,5.63,0.0,0.0,0.0,0.0,500.0
1059,APAM,2025-03-06 21:10:58.936888+00:00,FMP,42.04,42.01,42.07,1.0,2.0,100.0
1060,APCA,2025-03-06 21:10:58.936888+00:00,FMP,0.0,0.0,0.0,0.0,0.0,0.0
1061,APCB,2025-03-06 21:10:58.936888+00:00,FMP,29.375,29.37,29.38,2.0,2.0,100.0
1062,APCOF,2025-03-06 21:10:58.936888+00:00,FMP,0.057,0.0,0.0,0.0,0.0,300.0
1063,APCX,2025-03-06 21:10:58.936888+00:00,FMP,0.428,0.4193,0.4281,2.0,5.0,490.0
1064,APCXW,2025-03-06 21:10:58.936888+00:00,FMP,0.1571,0.11,0.1571,11.0,22.0,100.0
1065,APD,2025-03-06 21:10:58.936888+00:00,FMP,310.735,310.53,310.94,1.0,1.0,100.0
1066,APDN,2025-03-06 21:10:58.936888+00:00,FMP,0.1286,0.1285,0.1298,1.0,11.0,100.0
1067,APE,2025-03-06 21:10:58.936888+00:00,FMP,0.0,0.0,0.0,0.0,0.0,0.0
1068,APEI,2025-03-06 21:10:58.936888+00:00,FMP,19.205,19.09,19.31,1.0,1.0,100.0
1069,APEMY,2025-03-06 21:10:58.936888+00:00,FMP,38.5,0.0,0.0,0.0,0.0,100.0
1070,APEN,2025-03-06 21:10:58.936888+00:00,FMP,0.0,0.0,0.0,0.0,0.0,0.0
1071,APETF,2025-03-06 21:10:58.936888+00:00,FMP,0.018,0.0,0.0,0.0,0.0,50000.0
1072,APEUF,2025-03-06 21:10:58.936888+00:00,FMP,0.7803,0.0,0.0,0.0,0.0,1000.0
1073,APEUSD,2025-03-06 21:10:58.936888+00:00,FMP,0.94,0.94,0.94,1723.88,1723.88,1723.88
1074,APG,2025-03-06 21:10:58.936888+00:00,FMP,36.275,36.24,36.29,8.0,4.0,100.0
1075,APGB,2025-03-06 21:10:58.936888+00:00,FMP,0.0,0.0,0.0,0.0,0.0,0.0
1076,APGE,2025-03-06 21:10:58.936888+00:00,FMP,35.24,35.18,35.29,1.0,4.0,100.0
1077,APGI,2025-03-06 21:10:58.936888+00:00,FMP,0.02,0.0,0.0,0.0,0.0,150.0
1078,APGN,2025-03-06 21:10:58.936888+00:00,FMP,0.0,0.0,0.0,0.0,0.0,0.0
1079,APGNW,2025-03-06 21:10:58.936888+00:00,FMP,0.0,0.0,0.0,0.0,0.0,0.0
1080,APGT,2025-03-06 21:10:58.936888+00:00,FMP,6.15,0.0,0.0,0.0,0.0,100.0
1081,APH,2025-03-06 21:10:58.936888+00:00,FMP,61.885,61.87,61.9,3.0,3.0,100.0
1082,APHE,2025-03-06 21:10:58.936888+00:00,FMP,6.75,0.0,0.0,0.0,0.0,100.0
1083,APHLF,2025-03-06 21:10:58.936888+00:00,FMP,1.07,0.0,0.0,0.0,0.0,1000.0
1084,APHP,2025-03-06 21:10:58.936888+00:00,FMP,0.328,0.0,0.0,0.0,0.0,600.0
1085,API,2025-03-06 21:10:58.936888+00:00,FMP,5.26,5.26,5.27,4.0,1.0,100.0
1086,API3USD,2025-03-06 21:10:58.936888+00:00,FMP,0.648,0.648,0.648,0.0,0.0,152.78
1087,APIE,2025-03-06 21:10:58.936888+00:00,FMP,31.0616,31.05,31.16,8.0,3.0,174.0
1088,APLD,2025-03-06 21:10:58.936888+00:00,FMP,7.12,7.12,7.13,36.0,17.0,100.0
1089,APLE,2025-03-06 21:10:58.936888+00:00,FMP,14.455,14.45,14.46,7.0,5.0,100.0
1090,APLIF,2025-03-06 21:10:58.936888+00:00,FMP,0.043,0.0,0.0,0.0,0.0,411.0
1091,APLM,2025-03-06 21:10:58.936888+00:00,FMP,6.31,6.3,6.95,99.0,1.0,100.0
1092,APLMW,2025-03-06 21:10:58.936888+00:00,FMP,0.0149,0.0118,0.018,20.0,185.0,6040.0
1093,APLS,2025-03-06 21:10:58.936888+00:00,FMP,25.46,25.44,25.48,3.0,1.0,100.0
1094,APLT,2025-03-06 21:10:58.936888+00:00,FMP,0.5078,0.4998,0.5079,3.0,2.0,100.0
1095,APLY,2025-03-06 21:10:58.936888+00:00,FMP,16.21,16.19,16.28,1.0,1.0,100.0
1096,APM,2025-03-06 21:10:58.936888+00:00,FMP,0.995,0.952,0.995,20.0,1.0,104.0
1097,APMI,2025-03-06 21:10:58.936888+00:00,FMP,13.34,10.3,16.38,10.0,1.0,0.0
1098,APMIU,2025-03-06 21:10:58.936888+00:00,FMP,0.0,0.0,0.0,0.0,0.0,0.0
1099,APMIW,2025-03-06 21:10:58.936888+00:00,FMP,0.0,0.0,0.0,0.0,0.0,0.0
1100,APMLF,2025-03-06 21:10:58.936888+00:00,FMP,0.1158,0.0,0.0,0.0,0.0,10500.0
1101,APMU,2025-03-06 21:10:58.936888+00:00,FMP,24.85,24.84,24.85,3.0,3.0,100.0
1102,APN,2025-03-06 21:10:58.936888+00:00,FMP,10.52,8.32,12.72,1.0,1.0,0.0
1103,APNHY,2025-03-06 21:10:58.936888+00:00,FMP,9.4,0.0,0.0,0.0,0.0,200.0
1104,APO,2025-03-06 21:10:58.936888+00:00,FMP,134.615,134.56,134.66,1.0,1.0,100.0
1105,APOG,2025-03-06 21:10:58.936888+00:00,FMP,48.14,48.04,48.2,1.0,4.0,100.0
1106,APP,2025-03-06 21:10:58.936888+00:00,FMP,265.73,265.69,266.19,1.0,2.0,100.0
1107,APPB,2025-03-06 21:10:58.936888+00:00,FMP,0.0008,0.0,0.0,0.0,0.0,1000.0
1108,APPEF,2025-03-06 21:10:58.936888+00:00,FMP,0.56,0.0,0.0,0.0,0.0,1000.0
1109,APPF,2025-03-06 21:10:58.936888+00:00,FMP,220.35,220.11,220.59,1.0,2.0,100.0
1110,APPH,2025-03-06 21:10:58.936888+00:00,FMP,0.0,0.0,0.0,0.0,0.0,0.0
1111,APPHW,2025-03-06 21:10:58.936888+00:00,FMP,0.0,0.0,0.0,0.0,0.0,0.0
1112,APPM,2025-03-06 21:10:58.936888+00:00,FMP,1e-06,0.0,0.0,0.0,0.0,110.0
1113,APPN,2025-03-06 21:10:58.936888+00:00,FMP,31.035,30.96,31.11,1.0,2.0,100.0
1114,APPS,2025-03-06 21:10:58.936888+00:00,FMP,3.2,3.2,3.21,21.0,18.0,100.0
1115,APRD,2025-03-06 21:10:58.936888+00:00,FMP,24.91,24.87,24.92,40.0,1.0,100.0
1116,APRE,2025-03-06 21:10:58.936888+00:00,FMP,2.5086,2.4,2.52,1.0,5.0,300.0
1117,APRH,2025-03-06 21:10:58.936888+00:00,FMP,24.84,24.83,24.91,2.0,1.0,100.0
1118,APRJ,2025-03-06 21:10:58.936888+00:00,FMP,24.84,24.81998,24.9201,1.0,1.0,156.0
1119,APRN,2025-03-06 21:10:58.936888+00:00,FMP,0.0,0.0,0.0,0.0,0.0,0.0
1120,APRQ,2025-03-06 21:10:58.936888+00:00,FMP,24.78,24.74,24.8,41.0,3.0,323.0
1121,APRT,2025-03-06 21:10:58.936888+00:00,FMP,37.93,37.76,38.1,2.0,1.0,130.0
1122,APRU,2025-03-06 21:10:58.936888+00:00,FMP,0.0012,0.0,0.0,0.0,0.0,4349000.0
1123,APRW,2025-03-06 21:10:58.936888+00:00,FMP,32.6716,32.62,32.72,1.0,1.0,800.0
1124,APRZ,2025-03-06 21:10:58.936888+00:00,FMP,33.57,33.46,33.69,29.0,1.0,100.0
1125,APSI,2025-03-06 21:10:58.936888+00:00,FMP,0.023475,0.0,0.0,0.0,0.0,5000.0
1126,APT,2025-03-06 21:10:58.936888+00:00,FMP,5.34,5.25,5.34,31.0,4.0,324.0
1127,APTM,2025-03-06 21:10:58.936888+00:00,FMP,0.0,0.0,0.0,0.0,0.0,0.0
1128,APTMU,2025-03-06 21:10:58.936888+00:00,FMP,13.78,10.6,16.96,10.0,2.0,0.0
1129,APTMW,2025-03-06 21:10:58.936888+00:00,FMP,0.0,0.02,0.0,2.0,0.0,0.0
1130,APTO,2025-03-06 21:10:58.936888+00:00,FMP,2.98,2.88,2.98,1.0,1.0,400.0
1131,APTPF,2025-03-06 21:10:58.936888+00:00,FMP,1.65,0.0,0.0,0.0,0.0,754.0
1132,APTUSD,2025-03-06 21:10:58.936888+00:00,FMP,7.65,7.65,7.65,65.359,65.359,65.359
1133,APTV,2025-03-06 21:10:58.936888+00:00,FMP,65.34,65.31,65.36,3.0,1.0,100.0
1134,APTX,2025-03-06 21:10:58.936888+00:00,FMP,0.0706,0.0,0.0,0.0,0.0,200.0
1135,APTY,2025-03-06 21:10:58.936888+00:00,FMP,0.0009,0.0,0.0,0.0,0.0,140000.0
1136,APUE,2025-03-06 21:10:58.936888+00:00,FMP,34.822,34.81,34.88,22.0,15.0,241.0
1137,APVO,2025-03-06 21:10:58.936888+00:00,FMP,2.69,2.58,2.69,1.0,1.0,100.0
1138,APVS,2025-03-06 21:10:58.936888+00:00,FMP,0.0001,0.0,0.0,0.0,0.0,60000.0
1139,APWC,2025-03-06 21:10:58.936888+00:00,FMP,1.655,1.65,1.66,71.0,1.0,157.0
1140,APWL,2025-03-06 21:10:58.936888+00:00,FMP,0.0001,0.0,0.0,0.0,0.0,1650.0
1141,APXH,2025-03-06 21:10:58.936888+00:00,FMP,0.0,0.0,0.0,0.0,0.0,0.0
1142,APXI,2025-03-06 21:10:58.936888+00:00,FMP,0.0,0.0,0.0,0.0,0.0,0.0
1143,APXIU,2025-03-06 21:10:58.936888+00:00,FMP,11.89,9.63,14.15,1.0,1.0,0.0
1144,APXIW,2025-03-06 21:10:58.936888+00:00,FMP,0.0989,0.0003,0.07,1000.0,4.0,100.0
1145,APXYY,2025-03-06 21:10:58.936888+00:00,FMP,0.8735,0.0,0.0,0.0,0.0,3316.0
1146,APYP,2025-03-06 21:10:58.936888+00:00,FMP,0.015,0.0,0.0,0.0,0.0,5000.0
1147,APYX,2025-03-06 21:10:58.936888+00:00,FMP,1.17,1.16,1.19,2.0,1.0,200.0
1148,AQB,2025-03-06 21:10:58.936888+00:00,FMP,0.66,0.66,0.6798,1.0,5.0,200.0
1149,AQBN,2025-03-06 21:10:58.936888+00:00,FMP,1e-06,0.0,0.0,0.0,0.0,1363.0
1150,AQFD,2025-03-06 21:10:58.936888+00:00,FMP,1e-06,0.0,0.0,0.0,0.0,1170.0
1151,AQGX,2025-03-06 21:10:58.936888+00:00,FMP,0.0,0.0,0.0,0.0,0.0,0.0
1152,AQIS,2025-03-06 21:10:58.936888+00:00,FMP,1e-06,0.0,0.0,0.0,0.0,14000.0
1153,AQMS,2025-03-06 21:10:58.936888+00:00,FMP,1.9,1.9,1.95,1.0,1.0,112.0
1154,AQN,2025-03-06 21:10:58.936888+00:00,FMP,4.77,4.76,4.77,500.0,608.0,100.0
1155,AQNA,2025-03-06 21:10:58.936888+00:00,FMP,0.0,0.0,0.0,0.0,0.0,0.0
1156,AQNB,2025-03-06 21:10:58.936888+00:00,FMP,25.61,25.54,25.62,2.0,3.0,100.0
1157,AQNU,2025-03-06 21:10:58.936888+00:00,FMP,0.0,0.0,0.0,0.0,0.0,0.0
1158,AQPW,2025-03-06 21:10:58.936888+00:00,FMP,0.3,0.0,0.0,0.0,0.0,2000.0
1159,AQST,2025-03-06 21:10:58.936888+00:00,FMP,2.61,2.6,2.61,22.0,8.0,199.0
1160,AQU,2025-03-06 21:10:58.936888+00:00,FMP,11.68,11.6,11.68,1.0,3.0,100.0
1161,AQUA,2025-03-06 21:10:58.936888+00:00,FMP,0.0,0.0,0.0,0.0,0.0,0.0
1162,AQUEF,2025-03-06 21:10:58.936888+00:00,FMP,2.0,0.0,0.0,0.0,0.0,1000.0
1163,AQUNR,2025-03-06 21:10:58.936888+00:00,FMP,0.32,0.315,0.325,1.0,3.0,100.0
1164,AQUNU,2025-03-06 21:10:58.936888+00:00,FMP,11.9,11.15,11.98,5.0,1.0,100.0
1165,AQWA,2025-03-06 21:10:58.936888+00:00,FMP,17.1,17.02,17.17,2.0,1.0,146.0
1166,AR,2025-03-06 21:10:58.936888+00:00,FMP,34.01,34.01,34.05,2.0,4.0,100.0
1167,ARAAF,2025-03-06 21:10:58.936888+00:00,FMP,0.3336,0.0,0.0,0.0,0.0,2500.0
1168,ARAFF,2025-03-06 21:10:58.936888+00:00,FMP,0.1411,0.0,0.0,0.0,0.0,5000.0
1169,ARAO,2025-03-06 21:10:58.936888+00:00,FMP,0.15,0.0,0.0,0.0,0.0,4200.0
1170,ARAT,2025-03-06 21:10:58.936888+00:00,FMP,0.6252,0.0,0.0,0.0,0.0,1000.0
1171,ARAV,2025-03-06 21:10:58.936888+00:00,FMP,0.0,0.0,0.0,0.0,0.0,0.0
1172,ARAY,2025-03-06 21:10:58.936888+00:00,FMP,1.855,1.85,1.86,16.0,18.0,100.0
1173,ARB,2025-03-06 21:10:58.936888+00:00,FMP,28.1508,28.11,28.17,4.0,2.0,101.0
1174,ARBB,2025-03-06 21:10:58.936888+00:00,FMP,0.7494,0.7301,0.76879,26.0,24.0,100.0
1175,ARBE,2025-03-06 21:10:58.936888+00:00,FMP,1.325,1.32,1.33,50.0,233.0,100.0
1176,ARBEW,2025-03-06 21:10:58.936888+00:00,FMP,0.25,0.25,0.29,136.0,9.0,150.0
1177,ARBG,2025-03-06 21:10:58.936888+00:00,FMP,0.0,0.0,0.0,0.0,0.0,0.0
1178,ARBGU,2025-03-06 21:10:58.936888+00:00,FMP,10.27,4.11,16.43,2.0,2.0,0.0
1179,ARBGW,2025-03-06 21:10:58.936888+00:00,FMP,0.0,0.0,0.0,0.0,0.0,0.0
1180,ARBK,2025-03-06 21:10:58.936888+00:00,FMP,0.3771,0.3767,0.3815,6.0,1.0,100.0
1181,ARBKF,2025-03-06 21:10:58.936888+00:00,FMP,0.115,0.0,0.0,0.0,0.0,2000.0
1182,ARBKL,2025-03-06 21:10:58.936888+00:00,FMP,7.6,7.51,7.7,10.0,2.0,170.0
1183,ARBTF,2025-03-06 21:10:58.936888+00:00,FMP,0.05445,0.0,0.0,0.0,0.0,100.0
1184,ARBUSD,2025-03-06 21:10:58.936888+00:00,FMP,0.6409,0.6409,0.6409,1.88,1.88,1.88
1185,ARBV,2025-03-06 21:10:58.936888+00:00,FMP,14.31,0.0,0.0,0.0,0.0,267.0
1186,ARC,2025-03-06 21:10:58.936888+00:00,FMP,0.0,0.0,0.0,0.0,0.0,0.0
1187,ARCAY,2025-03-06 21:10:58.936888+00:00,FMP,39.33,0.0,0.0,0.0,0.0,100.0
1188,ARCB,2025-03-06 21:10:58.936888+00:00,FMP,76.25,76.2,76.34,1.0,1.0,100.0
1189,ARCC,2025-03-06 21:10:58.936888+00:00,FMP,22.36,22.35,22.36,8.0,11.0,100.0
1190,ARCE,2025-03-06 21:10:58.936888+00:00,FMP,0.0,0.0,0.0,0.0,0.0,0.0
1191,ARCH,2025-03-06 21:10:58.936888+00:00,FMP,0.0,0.0,0.0,0.0,0.0,0.0
1192,ARCKW,2025-03-06 21:10:58.936888+00:00,FMP,0.5025,0.005,1.0,1.0,2.0,0.0
1193,ARCM,2025-03-06 21:10:58.936888+00:00,FMP,100.31,95.75,105.04,1.0,1.0,0.0
1194,ARCO,2025-03-06 21:10:58.936888+00:00,FMP,7.905,7.9,7.91,15.0,10.0,100.0
1195,ARCT,2025-03-06 21:10:58.936888+00:00,FMP,16.03,15.97,16.07,6.0,1.0,100.0
1196,ARCVF,2025-03-06 21:10:58.936888+00:00,FMP,43.505,0.0,0.0,0.0,0.0,800.0
1197,ARCW,2025-03-06 21:10:58.936888+00:00,FMP,0.96,0.0,0.0,0.0,0.0,1000.0
1198,ARDC,2025-03-06 21:10:58.936888+00:00,FMP,14.27,14.24,14.27,3.0,3.0,100.0
1199,ARDNF,2025-03-06 21:10:58.936888+00:00,FMP,0.005,0.0,0.0,0.0,0.0,100.0
1200,ARDRUSD,2025-03-06 21:10:58.936888+00:00,FMP,0.0841272,0.0841272,0.0841272,0.0,0.0,0.0
1201,ARDS,2025-03-06 21:10:58.936888+00:00,FMP,1e-06,0.0,0.0,0.0,0.0,1100.0
1202,ARDT,2025-03-06 21:10:58.936888+00:00,FMP,14.985,14.96,15.01,1.0,3.0,100.0
1203,ARDX,2025-03-06 21:10:58.936888+00:00,FMP,5.45,5.45,5.46,20.0,19.0,100.0
1204,ARE,2025-03-06 21:10:58.936888+00:00,FMP,99.8542,99.72,99.86,1.0,1.0,200.0
1205,AREA,2025-03-06 21:10:58.936888+00:00,FMP,18.71,18.68,18.72,8.0,11.0,100.0
1206,AREB,2025-03-06 21:10:58.936888+00:00,FMP,0.4255,0.421,0.43,3.0,15.0,300.0
1207,AREBW,2025-03-06 21:10:58.936888+00:00,FMP,0.0174,0.013,0.0218,18.0,62.0,100.0
1208,AREC,2025-03-06 21:10:58.936888+00:00,FMP,0.6066,0.6043,0.6173,5.0,7.0,200.0
1209,ARECW,2025-03-06 21:10:58.936888+00:00,FMP,0.4502,0.0,0.0,0.0,0.0,268.0
1210,AREN,2025-03-06 21:10:58.936888+00:00,FMP,1.5,1.47,1.53,2.0,70.0,200.0
1211,ARES,2025-03-06 21:10:58.936888+00:00,FMP,153.875,153.69,154.06,1.0,3.0,100.0
1212,ARET,2025-03-06 21:10:58.936888+00:00,FMP,0.0002,0.0,0.0,0.0,0.0,2135.0
1213,AREVF,2025-03-06 21:10:58.936888+00:00,FMP,0.1542,0.0,0.0,0.0,0.0,5000.0
1214,ARGD,2025-03-06 21:10:58.936888+00:00,FMP,21.8045,21.76,21.85,1.0,3.0,399.0
1215,ARGGY,2025-03-06 21:10:58.936888+00:00,FMP,1.26,0.0,0.0,0.0,0.0,347.0
1216,ARGO,2025-03-06 21:10:58.936888+00:00,FMP,0.0,0.0,0.0,0.0,0.0,0.0
1217,ARGQ,2025-03-06 21:10:58.936888+00:00,FMP,0.08368,0.0,0.0,0.0,0.0,3000.0
1218,ARGT,2025-03-06 21:10:58.936888+00:00,FMP,81.9675,81.71,82.01,1.0,1.0,100.0
1219,ARGTF,2025-03-06 21:10:58.936888+00:00,FMP,3.5376,0.0,0.0,0.0,0.0,100.0
1220,ARGU,2025-03-06 21:10:58.936888+00:00,FMP,0.0,0.0,0.0,0.0,0.0,0.0
1221,ARGW,2025-03-06 21:10:58.936888+00:00,FMP,0.02,0.0,0.0,0.0,0.0,320.0
1222,ARGX,2025-03-06 21:10:58.936888+00:00,FMP,617.93,615.69,620.17,1.0,2.0,127.0
1223,ARGYF,2025-03-06 21:10:58.936888+00:00,FMP,0.3914,0.0,0.0,0.0,0.0,400.0
1224,ARHLF,2025-03-06 21:10:58.936888+00:00,FMP,0.08686,0.0,0.0,0.0,0.0,450.0
1225,ARHN,2025-03-06 21:10:58.936888+00:00,FMP,21.0,0.0,0.0,0.0,0.0,200.0
1226,ARHS,2025-03-06 21:10:58.936888+00:00,FMP,8.935,8.93,8.94,2.0,1.0,139.0
1227,ARHTF,2025-03-06 21:10:58.936888+00:00,FMP,0.0428,0.0,0.0,0.0,0.0,10000.0
1228,ARI,2025-03-06 21:10:58.936888+00:00,FMP,9.96,9.96,9.97,7.0,10.0,200.0
1229,ARIS,2025-03-06 21:10:58.936888+00:00,FMP,26.38,26.34,26.42,1.0,2.0,199.0
1230,ARIZ,2025-03-06 21:10:58.936888+00:00,FMP,0.0,0.0,0.0,0.0,0.0,0.0
1231,ARIZR,2025-03-06 21:10:58.936888+00:00,FMP,0.0,0.0,0.0,0.0,0.0,0.0
1232,ARIZU,2025-03-06 21:10:58.936888+00:00,FMP,0.0,0.0,0.0,0.0,0.0,0.0
1233,ARIZW,2025-03-06 21:10:58.936888+00:00,FMP,0.0,0.0,0.0,0.0,0.0,0.0
1234,ARKA,2025-03-06 21:10:58.936888+00:00,FMP,57.79,56.71,59.01,1.0,1.0,100.0
1235,ARKB,2025-03-06 21:10:58.936888+00:00,FMP,89.04,89.0,89.07,6.0,2.0,100.0
1236,ARKC,2025-03-06 21:10:58.936888+00:00,FMP,36.55,36.12,36.98,1.0,5.0,100.0
1237,ARKD,2025-03-06 21:10:58.936888+00:00,FMP,40.28,40.23,40.35,9.0,5.0,100.0
1238,ARKF,2025-03-06 21:10:58.936888+00:00,FMP,36.27,36.26,36.28,7.0,2.0,100.0
1239,ARKG,2025-03-06 21:10:58.936888+00:00,FMP,23.34,23.33,23.34,2.0,14.0,100.0
1240,ARKK,2025-03-06 21:10:58.936888+00:00,FMP,52.44,52.42,52.44,5.0,24.0,168.0
1241,ARKMUSD,2025-03-06 21:10:58.936888+00:00,FMP,1.136,1.136,1.136,1.1,1.1,1.1
1242,ARKO,2025-03-06 21:10:58.936888+00:00,FMP,4.04,4.04,4.05,5.0,5.0,100.0
1243,ARKOW,2025-03-06 21:10:58.936888+00:00,FMP,0.07,0.0577,0.08,100.0,65.0,1000.0
1244,ARKQ,2025-03-06 21:10:58.936888+00:00,FMP,69.445,69.4,69.46,6.0,1.0,100.0
1245,ARKR,2025-03-06 21:10:58.936888+00:00,FMP,10.35,10.3,10.87,10.0,3.0,108.0
1246,ARKW,2025-03-06 21:10:58.936888+00:00,FMP,102.12,102.12,102.32,14.0,17.0,100.0
1247,ARKX,2025-03-06 21:10:58.936888+00:00,FMP,18.73,18.71,18.75,5.0,6.0,100.0
1248,ARKY,2025-03-06 21:10:58.936888+00:00,FMP,32.08,31.85,32.31,5.0,5.0,392.0
1249,ARKZ,2025-03-06 21:10:58.936888+00:00,FMP,24.43,23.81,25.09,1.0,1.0,100.0
1250,ARL,2025-03-06 21:10:58.936888+00:00,FMP,13.87,13.8,14.83,11.0,1.0,100.0
1251,ARLO,2025-03-06 21:10:58.936888+00:00,FMP,12.11,12.09,12.11,5.0,6.0,200.0
1252,ARLP,2025-03-06 21:10:58.936888+00:00,FMP,24.9,24.88,24.92,1.0,1.0,100.0
1253,ARLSF,2025-03-06 21:10:58.936888+00:00,FMP,0.1575,0.0,0.0,0.0,0.0,100.0
1254,ARLUF,2025-03-06 21:10:58.936888+00:00,FMP,23.49,0.0,0.0,0.0,0.0,928.0
1255,ARM,2025-03-06 21:10:58.936888+00:00,FMP,119.15,119.01,119.21,1.0,1.0,150.0
1256,ARMC,2025-03-06 21:10:58.936888+00:00,FMP,1.5,0.0,0.0,0.0,0.0,100.0
1257,ARMG,2025-03-06 21:10:58.936888+00:00,FMP,10.27,10.2,10.3,17.0,13.0,200.0
1258,ARMK,2025-03-06 21:10:58.936888+00:00,FMP,35.59,35.56,35.6,1.0,2.0,300.0
1259,ARMN,2025-03-06 21:10:58.936888+00:00,FMP,4.045,4.04,4.05,16.0,8.0,226.0
1260,ARMP,2025-03-06 21:10:58.936888+00:00,FMP,2.09,2.03,2.1,1.0,2.0,767.0
1261,ARMR,2025-03-06 21:10:58.936888+00:00,FMP,0.0,0.0,0.0,0.0,0.0,0.0
1262,ARNC,2025-03-06 21:10:58.936888+00:00,FMP,0.0,0.0,0.0,0.0,0.0,0.0
1263,AROC,2025-03-06 21:10:58.936888+00:00,FMP,23.6,23.58,23.61,2.0,2.0,137.0
1264,AROW,2025-03-06 21:10:58.936888+00:00,FMP,26.225,26.06,26.39,2.0,4.0,100.0
1265,ARP,2025-03-06 21:10:58.936888+00:00,FMP,27.43,27.36,27.43,19.0,19.0,1693.0
1266,ARPAUSD,2025-03-06 21:10:58.936888+00:00,FMP,0.0301,0.0301,0.0301,0.0,0.0,2.4
1267,ARQ,2025-03-06 21:10:58.936888+00:00,FMP,4.645,4.64,4.65,2.0,2.0,100.0
1268,ARQQ,2025-03-06 21:10:58.936888+00:00,FMP,12.6525,12.65,12.99,3.0,2.0,635.0
1269,ARQQW,2025-03-06 21:10:58.936888+00:00,FMP,1.7881,1.76,1.8,39.0,10.0,1000.0
1270,ARQT,2025-03-06 21:10:58.936888+00:00,FMP,14.32,14.3,14.32,3.0,2.0,100.0
1271,ARR,2025-03-06 21:10:58.936888+00:00,FMP,18.68,18.67,18.68,30.0,4.0,122.0
1272,ARREF,2025-03-06 21:10:58.936888+00:00,FMP,1.08,0.0,0.0,0.0,0.0,3000.0
1273,ARRKF,2025-03-06 21:10:58.936888+00:00,FMP,0.091,0.0,0.0,0.0,0.0,300.0
1274,ARRNF,2025-03-06 21:10:58.936888+00:00,FMP,0.175,0.0,0.0,0.0,0.0,30000.0
1275,ARRPY,2025-03-06 21:10:58.936888+00:00,FMP,15.5,0.0,0.0,0.0,0.0,100.0
1276,ARRRF,2025-03-06 21:10:58.936888+00:00,FMP,0.2,0.0,0.0,0.0,0.0,2375.0
1277,ARRW,2025-03-06 21:10:58.936888+00:00,FMP,0.0,0.0,0.0,0.0,0.0,0.0
1278,ARRWU,2025-03-06 21:10:58.936888+00:00,FMP,0.0,0.0,0.0,0.0,0.0,0.0
1279,ARRWW,2025-03-06 21:10:58.936888+00:00,FMP,0.0,0.0,0.0,0.0,0.0,0.0
1280,ARRXF,2025-03-06 21:10:58.936888+00:00,FMP,0.2575,0.0,0.0,0.0,0.0,1000.0
1281,ARRY,2025-03-06 21:10:58.936888+00:00,FMP,5.455,5.45,5.46,20.0,19.0,100.0
1282,ARSAUD,2025-03-06 21:10:58.936888+00:00,FMP,0.00148445,0.0014842,0.00148449,0.0,0.0,1.0
1283,ARSBRL,2025-03-06 21:10:58.936888+00:00,FMP,0.00541895,0.00540927,0.00542274,0.0,0.0,1.0
1284,ARSC,2025-03-06 21:10:58.936888+00:00,FMP,0.0001,0.0,0.0,0.0,0.0,100.0
1285,ARSCAD,2025-03-06 21:10:58.936888+00:00,FMP,0.00134504,0.00134503,0.00134504,0.0,0.0,1.0
1286,ARSCHF,2025-03-06 21:10:58.936888+00:00,FMP,0.0008304767,0.0008304516,0.0008305689,0.0,0.0,1.0
1287,ARSCLP,2025-03-06 21:10:58.936888+00:00,FMP,0.86202,0.86202,0.88639,0.0,0.0,1.0
1288,ARSCOP,2025-03-06 21:10:58.936888+00:00,FMP,3.82262,3.82262,3.90967,0.0,0.0,1.0
1289,ARSEUR,2025-03-06 21:10:58.936888+00:00,FMP,0.0008713655,0.0008713575,0.0008714531,0.0,0.0,1.0
1290,ARSGBP,2025-03-06 21:10:58.936888+00:00,FMP,0.0007298122,0.0007297619,0.00072988,0.0,0.0,1.0
1291,ARSHKD,2025-03-06 21:10:58.936888+00:00,FMP,0.00730623,0.00730556,0.00730689,0.0,0.0,1.0
1292,ARSJPY,2025-03-06 21:10:58.936888+00:00,FMP,0.13898,0.13898,0.13904,0.0,0.0,1.0
1293,ARSLF,2025-03-06 21:10:58.936888+00:00,FMP,0.0286,0.0,0.0,0.0,0.0,200.0
1294,ARSMF,2025-03-06 21:10:58.936888+00:00,FMP,0.17606,0.0,0.0,0.0,0.0,300.0
1295,ARSMXN,2025-03-06 21:10:58.936888+00:00,FMP,0.01907541,0.01907505,0.01907835,0.0,0.0,1.0
1296,ARSPEN,2025-03-06 21:10:58.936888+00:00,FMP,0.00336228,0.00336228,0.00350156,0.0,0.0,1.0
1297,ARSSF,2025-03-06 21:10:58.936888+00:00,FMP,0.604,0.0,0.0,0.0,0.0,800.0
1298,ARSSGD,2025-03-06 21:10:58.936888+00:00,FMP,0.00125296,0.00125292,0.00125311,0.0,0.0,1.0
